4742 5950
2656 357 2768 448 60

1139 579 1342 658 unde
1394 594 1634 684 patet,
1692 578 2030 682 quamvis
2093 589 2439 679 utraque*
2477 575 2779 652 functio
2848 597 2900 676 φ
2953 591 3028 654 et
3082 581 3169 676 *cp
3223 580 3317 654 sit
3378 579 3685 654 secundi
3736 579 4022 656 ordinis
4042 637 4064 672 ,
4123 607 4287 684 gra-

1137 719 1325 794 dum
1373 731 1622 792 tamen
1675 717 2338 819 approximationis
2390 713 2593 790 illius
2646 742 2803 791 esse
2854 718 3165 791 tertium
3184 771 3204 804 ,
3258 713 3491 792 huius
3537 743 3719 792 vero
3769 718 4289 800 tantummodo

1141 859 1518 961 primum,
1579 851 1815 955 quod,
1887 856 1948 927 si
1999 855 2231 952 magis
2283 833 2574 956 plaeet,
2643 839 3106 930 extrahendo
3156 853 3491 930 radicem
3540 879 3637 928 ex
3692 853 4021 929 formula
4072 859 4179 956 (1.
4210 859 4292 957 a)

1138 1007 1270 1066 art.
1307 996 1418 1064 14.
1473 989 1900 1069 confirmari
1951 989 2242 1093 potest,
2225 1021 2242 1037 ·
2315 989 2519 1065 unde
2568 991 2859 1094 prodit:

2223 1177 2332 1236 ab.
2764 1191 2786 1236 1
2896 1176 2933 1236 b
3248 1172 3327 1236 ω*

1967 1229 3667 1338 ΪΞΤψα--Ζ-ῒω-ἶ-Θῖο

1142 1358 1409 1436 deinde
1455 1353 1820 1436 habetur:
2406 1386 2415 1393 ·

1141 1522 1350 1601 θΧφ
1964 1460 3071 1623 χεέ-ζψα-ὲ-Ξω·

1143 1722 1352 1818 ΕΧἿΡ
1970 1682 2346 1842 ,γε-αξξ

1393 1951 1599 2029 Haec
1651 1969 2024 2055 postrema
2074 1953 2425 2050 aequatio
2476 1977 2634 2025 non
2683 1955 2935 2026 minus
2988 1978 3135 2057 ope
3186 1952 3519 2028 methodi
3572 1952 3933 2054 generalis
3987 1965 4127 2028 art.
4169 1959 4201 2025 1
4220 1959 4252 2025 1
4268 2009 4288 2030 ,

1143 2084 1506 2163 indicatae
1567 2091 1772 2162 erui·
1803 2089 2204 2191 potuisset,
2287 2088 2350 2161 si
2416 2091 2964 2191 approximatio
3037 2115 3197 2165 non
3276 2087 3609 2164 altissimi
3671 2091 3979 2192 gradus,
4062 2117 4295 2192 quem

1140 2222 1440 2300 functio
1481 2225 1789 2300 secundi
1827 2224 2106 2301 ordinis
2145 2225 2623 2326 suppeditare
2662 2240 2939 2331 potest,
2996 2227 3130 2302 sed
3167 2229 3389 2329 primi
3432 2224 3953 2302 tantummodo
3992 2253 4299 2328 quaere-

1140 2375 1356 2436 retur
1393 2389 1486 2438 eo
1523 2361 1781 2448 modo,
1828 2376 1945 2446 ut,
1993 2364 2073 2455 in
2111 2360 2359 2435 forma
2398 2361 2720 2461 generali
2754 2363 3493 2464 Ax⁸÷Baey÷Cy²
3511 2367 4297 2464 ÷Dx÷Ey÷F=o

1143 2512 1420 2576 statuto
1485 2503 1555 2576 C
1579 2533 1669 2570 =
1693 2525 1728 2573 ο
1789 2501 1872 2574 Ε
1896 2531 1986 2568 =
2012 2522 2047 2570 ο
2111 2499 2308 2599 (quo
2376 2497 2751 2572 obtineret
2813 2496 3187 2573 variabilis
3240 2527 3301 2599 y
3363 2501 3445 2572 in
3513 2513 3835 2602 utraque
3900 2499 4296 2576 functione

1144 2635 1468 2712 eundem
1530 2637 1864 2713 valorem
1924 2662 2068 2739 pro
2121 2663 2291 2708 x-
2206 2689 2297 2704 .-.
2321 2637 2399 2735 o)
2460 2625 2728 2710 ‘deinde
2790 2637 3172 2723 terminis,
3245 2637 3381 2736 qui
3444 2638 3893 2735 quantitates
3955 2637 4050 2710 ,τ’
4110 2651 4298 2714 etx

1143 2773 1574 2864 involvunt,
1651 2788 2011 2876 tanquam
2061 2773 2679 2848 evanescentibus
2733 2797 2908 2874 prae
2960 2773 3137 2875 ipsis
3186 2799 3312 2872 ω]
3364 2785 3443 2846 et
3492 2777 3575 2846 F
3616 2771 4000 2873 neglectis,
4054 2801 4297 2877 quan·

1143 2880 1420 2991 titasF
1335 2957 1440 2968 ——-
1446 2939 1704 3017 ,quae
1743 2909 1898 2989 sola
1931 2922 2291 3000 remanet,
2339 2936 2437 2985 ex
2474 2913 2868 3014 quotiente
2906 2872 3453 2986 differentiali3
3394 2955 3516 3039 -ὃ-η-
3454 2899 4189 2987 xdeterminaretur.

2266 3450 2937 3543 SECTIO
3062 3452 3183 3539 ΙΙ.

1151 3620 1248 3679 DE
1286 3618 1728 3680 FUNCTIONE
1754 3618 2358 3678 APPROXIMANTE
2388 3618 2849 3682 DISSERITUR‚
2878 3616 3012 3673 UBI
3028 3613 3409 3673 VALORUM
3434 3615 3583 3675 PRO
3610 3616 4297 3679 APPROXIMATIONE

1836 3707 1983 3767 PRO
2015 3707 2306 3785 QUAVIS
2328 3709 2729 3768 VARIABILI
2752 3704 3163 3766 ABSOLUTA.
3190 3705 3381 3762 DATI
3414 3706 3616 3763 SUNT

2384 3797 2668 3853 PLURES
2704 3792 3069 3852 DISCRETI.

2654 3980 2798 4067 20.

1405 4148 1606 4225 Cum
1654 4152 2133 4252 aequationes
2158 4150 2224 4225 1.
2270 4163 2413 4223 art.
2449 4154 2524 4224 4.
2580 4151 2734 4224 sive
2759 4148 2863 4223 Π.
2912 4162 3052 4225 art.
3088 4151 3163 4224 6.
3216 4174 3359 4251 pro
3423 4175 3581 4223 uno
3642 4162 4037 4255 systemate
4096 4149 4296 4226 valo-

1152 4316 1330 4364 rum
1375 4316 1518 4393 pro
1569 4291 2214 4394 approximatione
2268 4287 2743 4362 functionem
2797 4305 2849 4384 φ
2903 4285 3123 4389 plane
3178 4284 3702 4376 determinent,
3764 4276 4030 4391 sponte
4075 4286 4305 4373 intel-‚

1149 4422 1444 4530 ligitur,
1515 4430 1577 4503 si
1628 4454 1770 4531 pro
1830 4425 2191 4531 pluribus
2239 4423 2509 4499 talium
2558 4420 2907 4515 valorum
2958 4427 3285 4500 cuiusvis
3336 4424 3707 4500 variabilis
3757 4428 4301 4529 approximatio

1152 4564 1642 4656 desideretur,
1701 4564 1862 4639 fieri
1913 4591 2069 4639 non
2120 4590 2365 4667 posse,
2422 4580 2510 4637 ut
2558 4588 2698 4667 pro
2748 4590 3222 4666 unoquoque
3273 4576 3692 4669 systemate,
3748 4562 3961 4664 quod
4010 4590 4106 4639 ex
4154 4562 4300 4640 illis

1150 4702 1482 4780 formare
1531 4702 1732 4793 licet,
1789 4704 2362 4805 aequationibus
2413 4699 2649 4776 allatis
2704 4700 3031 4789 satisfiat,
3088 4716 3342 4805 atque,
3400 4702 3461 4775 si
3504 4696 3617 4773 illi
3652 4697 3946 4777 valeres
3985 4698 4301 4776 variabi-

1153 4840 1494 4938 liumx„
1532 4870 1662 4937 x„
1694 4870 1789 4937 x,
1939 4867 2033 4932 x„
2075 4866 2276 4943 resp.
2319 4842 2469 4914 sint
2516 4860 2837 4915 numero
2882 4842 3042 4933 M„
3078 4841 3239 4932 M„
3276 4839 3438 4931 M„
3636 4840 3759 4928 M„
3786 4894 3810 4931 ,
3848 4836 4035 4913 haec
4067 4852 4300 4945 syste-
