4742 5950
2005 379 2110 478 61

495 618 690 680 mata
758 623 918 683 esse
981 628 1302 679 numero
1371 633 1462 672 π
1501 603 2030 692 M,·.M,.M,
2283 604 2445 690 lm.
2564 603 2823 699 Quare
2886 630 3065 702 cum
3130 629 3273 708 pro
3338 606 3645 708 singulis

495 745 832 854 numeris
881 746 992 831 M,
1035 755 1181 816 etc.
1240 739 1565 843 quilibet
1631 743 1921 842 integer
1982 741 2344 843 positivus
2397 738 2572 814 ‘mde
2622 739 2784 813 ab1
2849 741 3245 829 substitui,
3316 755 3391 816 et
3442 745 3647 820 insu-

494 907 632 983 per
685 889 830 982 pr'o
894 878 1344 980 quibusdam
1403 878 1782 955 eiusmodi
1841 875 2224 989 valor-ibus
2285 875 2470 951 aliae
2532 877 2995 954 conditiones
3032 878 3141 978 (¹)
3206 875 3422 952 adiici
3472 907 3648 983 pos-

493 1019 672 1106 sint,
726 1013 950 1091 facile
1001 1018 1478 1118 perspicitur,
1535 1029 1820 1089 tantam
1867 1013 1992 1088 hic
2047 1014 2298 1089 adesse
2351 1033 2665 1088 casuum
2704 1017 3135 1090 varietatem
3180 1029 3257 1090 et
3308 1014 3649 1091 multitu„

495 1153 790 1241 dinem,
858 1166 948 1228 ut
1008 1150 1223 1227 nullo
1283 1150 1511 1226 modo
1575 1178 1838 1226 omnes
1903 1149 2309 1253 complecti
2368 1177 2509 1224 nec
2573 1143 3029 1226 solutionem
3091 1152 3511 1254 generalem
3563 1182 3649 1231 ac

495 1289 948 1393 completam
1009 1288 1368 1364 exhibere
1425 1289 1824 1392 possimus.
1933 1287 2151 1384 Quae
2207 1314 2385 1361 cum
2436 1290 2537 1360 ita
2589 1290 2775 1376 sint,
2848 1292 2928 1363 in
2980 1289 3128 1365 hoc
3181 1288 3649 1394 problemate

493 1425 941 1504 resolvendo
993 1424 1103 1500 nil
1157 1425 1319 1501 fieri
1371 1428 1678 1530 poterit,
1705 1495 1712 1503 .
1739 1427 1880 1502 nisi
1933 1438 2022 1500 ut
2069 1437 2451 1534 momenta
2501 1424 2872 1526 generalia
2922 1455 3007 1502 ac
3056 1426 3497 1531 principalia
3540 1433 3651 1506 'as-

495 1567 910 1666 signentur,
982 1591 1318 1666 quorum
1367 1567 1558 1640 ratio
1611 1562 1922 1666 singulis
1976 1563 2267 1640 casibus
2323 1565 2467 1640 erit
2516 1560 2880 1637 habenda.

750 1979 920 2056 Sint
971 1980 1359 2056 variabiles
1410 1980 1994 2084 independentes
2045 2010 2128 2070 x,
2167 2037 2187 2069 ,
2243 2005 2329 2071 x,
2363 2035 2386 2067 ,
2442 2010 2528 2070 x,
2562 2035 2584 2068 ,
2790 2008 2883 2067 x„
2912 2037 2933 2068 ,
2984 1978 3275 2056 valeres
3328 2008 3471 2084 pro
3522 2007 3652 2082 ap-

493 2118 1040 2219 proximatione
1088 2149 1158 2207 a⁸
1196 2175 1218 2207 ,
1281 2148 1354 2207 a,
1391 2175 1409 2206 ,
1467 2148 1540 2206 a3
1574 2174 1596 2207 ,
1785 2147 1864 2206 a„
1895 2176 1916 2209 ‚
1972 2123 2034 2207 b,
2073 2175 2094 2207 ,
2152 2123 2218 2208 b,
2253 2175 2273 2207 ,
2324 2123 2392 2206 b,
2424 2173 2447 2207 ,
2640 2124 2714 2207 b„
2746 2177 2767 2208 ,
2823 2148 2883 2208 c,
2924 2178 2944 2210 ,
3003 2145 3067 2208 c,
3099 2172 3121 2205 ,
3190 2148 3255 2206 ο,
3291 2175 3311 2207 ,
3528 2121 3647 2206 cv,

499 2266 647 2328 etc.
704 2253 1076 2329 indicibus
1129 2280 1190 2341 1,
1229 2279 1293 2345 2,
1325 2279 1391 2352 3,
1553 2283 1602 2326 ω
1653 2279 1950 2359 semper
2000 2255 2091 2328 ad
2143 2255 2457 2328 eandem
2504 2241 2941 2330 variabilem
2990 2283 3051 2328 x
3078 2295 3084 2303 ·
3108 2252 3385 2328 relatis,

751 2392 1004 2466 Primo
1057 2391 1650 2492 investigandum
1703 2405 1838 2478 est,
1893 2417 2084 2466 num
2135 2393 2256 2468 isti
2297 2389 2589 2467 valor-es
2640 2393 3026 2492 indefinite
3076 2391 3492 2466 combinari
3537 2390 3655 2465 de-

493 2525 722 2602 beant
783 2553 925 2602 nec
984 2553 1120 2618 ne3
1191 2525 1535 2628 nihilque
1601 2527 1867 2616 refert,
1940 2556 2035 2602 an
2087 2543 2356 2603 natura
2418 2529 2907 2605 functionum
2930 2533 3009 2631 f
3038 2542 3115 2604 et
3166 2547 3247 2625 φ,
3320 2555 3415 2600 an
3468 2526 3651 2602 aliae

497 2661 961 2738 conditiones
1013 2667 1395 2767 appositae
1445 2657 2036 2740 combinationes
2089 2645 2451 2765 quasdam
2500 2681 2855 2760 recusent
2870 2698 2893 2757 3
2950 2680 3179 2768 atque
3229 2678 3461 2768 patet,
3521 2663 3651 2739 has

495 2826 654 2877 esse
705 2785 1208 2877 variationum
1256 2801 1538 2876 formas
1603 2828 1701 2876 ex
1754 2830 1803 2873 ω
1855 2801 2192 2877 seriebus
2287 2877 2296 2888 ,
3193 2791 3197 2795 ’

1625 2980 1653 3027 1
1810 2976 1845 3025 2
1998 2977 2032 3027 3
2200 2965 2237 3027 4
2247 3009 2529 3031 .......

1609 3102 1658 3147 a
1809 3077 1852 3146 b
2002 3102 2084 3171 c„
2195 3076 2252 3145 d
2335 3130 2527 3151 .....

1611 3238 1655 3282 a
1810 3216 1852 3285 b
2006 3238 2090 3339 c„
2197 3213 2254 3283 d
2337 3266 2527 3287 .....

1610 3550 1706 3709 a„
1809 3552 1896 3710 2„
2003 3551 2088 3709 22,
2193 3551 2278 3700 ἃ,
2329 3664 2527 3687 .....

406 3840 416 3846 ,
496 3790 696 3868 resp.
733 3766 846 3853 M,
883 3820 905 3853 ,
959 3766 1074 3853 M,
1107 3820 1129 3853 ,
1180 3765 1295 3851 M,
1331 3820 1352 3851 ,
1565 3764 1688 3851 M„
1737 3760 2310 3851 elementorum,
2369 3788 2413 3835 e
2457 3761 2735 3864 quibus
2788 3759 3000 3835 nulla
3052 3764 3407 3837 existente
3453 3760 3646 3865 lege,

499 3928 694 4004 quae
731 3900 1010 3977 formas
1051 3899 1407 4003 quasdam
1442 3898 1828 4003 prohibet,
1885 3898 2283 3974 manifesto
2340 3898 2671 3974 conflare
2710 3896 2893 3975 licet
2923 3869 3427 3976 variationum
3466 3897 3657 3973 mul-

497 4021 928 4113 titudinem.
959 4036 1336 4141 producto
1391 4040 1502 4127 Μ,
1541 4091 1561 4112 .
1606 4040 1722 4127 M,
1758 4093 1775 4110 .
1827 4038 1944 4125 M,
1978 4090 2131 4111 .....
2181 4038 2305 4125 M„
2349 4034 2768 4138 aequalem,
2826 4041 2940 4112 uti
2992 4054 3133 4112 art.
3183 4035 3651 4141 praecedenti

496 4180 646 4251 iam
694 4175 846 4250 fuit
895 4174 1333 4250 indicatum.
2890 4272 2898 4280 ἱ

749 4311 1153 4409 Quaelibet
1201 4314 1514 4387 variatio
1565 4312 1992 4415 suppeditat
2040 4310 2389 4388 valorum
2435 4337 2579 4413 pro
2632 4312 3274 4413 approximatione
3332 4322 3651 4417 systema

497 4473 771 4540 unum,
827 4476 1184 4552 quorum,
1243 4447 1562 4525 exclusis
1612 4448 2042 4552 prohibitis,
2099 4476 2469 4524 numerus
2520 4450 2616 4525 sit
2669 4450 2775 4561 1-Ιῖ-
2778 4477 2798 4535 3
2868 4450 3011 4529 erit
3076 4473 3143 4521 e.
3188 4444 3261 4548 g'.
3327 4449 3436 4563 lg
3455 4481 3546 4517 =
3580 4460 3644 4533 4,

584 4664 679 4750 (¹)
763 4668 832 4726 E.
859 4688 921 4750 g.
963 4666 1238 4727 conditio
1282 4664 1439 4727 adsit
1477 4686 1592 4749 pro
1643 4664 1854 4749 aliquo
1889 4666 2093 4728 valore
2127 4666 2254 4727 sive
2290 4677 2611 4748 systemate
2650 4661 2929 4727 valorum
2961 4687 3076 4747 pro
3104 4662 3649 4748 approximatione,

498 4782 572 4831 ut
607 4770 756 4833 baec
795 4769 877 4843 sit
900 4766 1150 4831 secundi
1191 4769 1438 4853 gradum
1506 4790 1620 4853 pro
1660 4770 1785 4831 alio
1824 4783 2028 4830 autem
2061 4761 2379 4853 systemate
2413 4766 2517 4829 lex
2541 4788 2689 4852 vaga
2721 4754 3105 4829 solummodo
3142 4780 3353 4842 exstet,
3418 4786 3496 4829 ne
3523 4766 3652 4832 dif-

499 4874 752 4936 ferentia
765 4876 913 4957 f-
939 4888 988 4954 φ
1029 4873 1434 4957 quantitatem
1469 4873 1740 4959 aliquam
1777 4895 1820 4959 q
1863 4873 2360 4958 transgrediatur.
