4742 5950
2706 391 2821 484 {aa

1449 613 1651 689 Cum
1701 628 1967 719 sponte
2016 624 2302 716 pateat,
2359 642 2406 717 q
2434 647 2527 682 =
2552 639 2581 685 1
2638 614 2823 718 poni
2874 638 3120 716 posse,
3176 625 3552 688 tentemus
3691 642 3783 681 =
3806 633 3881 702 2;
3936 613 4119 685 erit:

2380 784 2886 868 c*1”s÷0(w÷÷0

2207 823 2336 929 log
2508 891 2655 950 ‚P
2700 859 3003 948 m——=
3040 849 3105 914 9,
3127 844 3306 904 60357

1801 1011 1944 1089 pro
1970 1013 2016 1088 q
2042 1009 2186 1086 :2
2642 984 2773 1085 log
2798 987 2881 1080 {3-
2915 1020 3006 1054 =
3041 1008 3105 1069 9,
3129 998 3307 1058 84230

3038 1125 3104 1188 9,
3126 1119 3303 1179 76127

1799 1247 1942 1324 pro
1969 1251 2014 1326 q
2041 1243 2184 1294 =3
2644 1219 2775 1325 log
2798 1222 2883 1317 ᾗ
2916 1257 3007 1290 =
3042 1245 3105 1307 9,
3130 1241 3305 1300 82397

2668 1363 2675 1370 ·
2924 1327 3102 1429 '—.<5,
3121 1359 3306 1419 93736

1800 1485 1944 1563 pro
1970 1487 2016 1562 q
2042 1473 2186 1532 =4
2644 1457 2772 1560 log
2795 1460 2880 1555 333-
2912 1493 3004 1529 =
3038 1483 3103 1552 9,
3126 1480 3301 1538 80371

1190 1634 1394 1711 unde
1431 1631 1702 1720 elucet,
1760 1655 1794 1706 3
1839 1660 1996 1707 esse
2036 1631 2373 1708 valorem
2416 1636 2649 1737 ipsius
2685 1663 2731 1738 q
2772 1637 3213 1723 maximum,
3274 1639 3426 1710 sive
3463 1656 3495 1712 7
3541 1637 3773 1738 ipsius
3820 1664 3870 1708 n
3912 1635 4341 1708 minimum.

1445 1768 1919 1846 Generaliter
1985 1773 2206 1845 asseri
2273 1784 2351 1846 et
2418 1795 2460 1845 e
2525 1769 2879 1846 formulis
2936 1773 3070 1850 IV.
3122 1801 3186 1845 c.
3243 1773 3320 1846 d.
3380 1802 3439 1846 e.
3492 1770 3807 1873 intelligi
3858 1784 4130 1875 potest,
4188 1796 4348 1872 quo

1189 1911 1430 1982 maior
1483 1911 1576 1982 sit
1627 1906 2039 1980 differentia
2090 1936 2140 1980 n
2180 1952 2269 1965 —
2305 1937 2384 1997 ω,
2444 1934 2534 1983 eo
2575 1909 2933 1980 maiorem
2990 1910 3222 2009 ipsius
3275 1938 3321 2013 q
3366 1908 3700 1984 valorem
3739 1907 4066 2013 prodire,
4122 1919 4349 2008 atque

1185 2043 1380 2118 hanc
1449 2043 1938 2116 differentiam
1998 2069 2142 2145 pro
2209 2041 2475 2116 eodem
2535 2044 2769 2146 ipsius
2826 2072 2871 2147 q
2934 2041 3190 2118 valore
3254 2071 3344 2120 eo
3405 2049 3767 2120 maiorem
3834 2071 3989 2120 esse
4042 2044 4341 2133 debere,

1187 2208 1347 2283 quo
1399 2182 1635 2254 maior
1687 2182 1781 2253 sit
1830 2206 2196 2253 numerus
2253 2209 2329 2252 ω.

1441 2319 1594 2391 Pro
1642 2313 1898 2390 valore
1947 2313 2246 2419 speciali
2286 2317 2521 2418 ipsius
2566 2345 2613 2388 ω
2640 2348 2730 2383 =
2756 2337 2820 2405 2,
2891 2315 3263 2392 formulae
3286 2319 3421 2394 IV.
3462 2315 3952 2421 simpliciores
3988 2315 4341 2392 evadunt.

1185 2452 1528 2528 Habetur
1579 2450 1864 2528 scilicet
1915 2479 1956 2528 e
2009 2449 2358 2527 formulis
2418 2467 2555 2526 art.
2592 2457 2659 2525 5.
2715 2449 3076 2527 evolutis:

1671 2625 2515 2784 ·T⁹=''÷²÷-}m÷1
2586 2685 2660 2738 et
2724 2665 2987 2780 ΤΞ
3021 2625 3109 2784 3}
3143 2686 3234 2747 -ι-
3276 2665 3361 2739 η’
3407 2640 3671 2786 -ι--ίέ-νι
3709 2688 3796 2748 -ι-
3837 2692 3897 2755 1,

1186 2878 1466 2983 quibus
1515 2878 1936 2955 substitutis
1986 2875 2346 2980 facilique
2398 2874 2839 2951 reductione
2889 2875 3186 2980 prodit:

1948 3048 3569 3149 3m²÷9m÷6ssn³÷6n²÷11m

1183 3265 1336 3339 sive
1885 3262 2097 3366 q²÷
2148 3263 2478 3361 (2n43)
2523 3290 2569 3365 q
2620 3262 2695 3359 ’Ξ
2741 3222 3075 3382 ἶ-Ξῖ-ι-νθ
3120 3237 3295 3381 4}
3342 3284 3593 3334 n-2
3968 3222 4240 3327 (IV.f)

1181 3478 1383 3553 unde
1447 3479 1746 3552 numeri
1811 3482 2069 3575 integri
2123 3502 2267 3579 pro
2334 3505 2387 3549 n
2405 3532 2427 3565 ,
2508 3504 2581 3548 m
2641 3477 2794 3551 sive
2858 3502 2904 3579 q
2960 3473 3373 3577 accipiendi
3438 3472 3658 3548 facile
3690 3468 4331 3569 ‘determinantur3

1183 3642 1251 3692 e.
1304 3642 1369 3717 g.
1421 3643 1566 3718 pro
1615 3645 1666 3689 n
1703 3648 1796 3683 =
1835 3636 1869 3685 2
1923 3614 2308 3685 invenitur
2356 3612 2439 3714 ᾳ*
2484 3634 2571 3694 -ι-
2616 3633 2647 3689 7
2676 3641 2722 3716 q
2763 3646 2855 3679 =
2898 3628 2974 3700 6,
3046 3635 3203 3710 quo
3268 3612 3515 3683 statim
3564 3622 3809 3713 patet,
3880 3612 4338 3717 impossibile

1180 3777 1374 3839 esse,
1441 3777 1587 3851 pro
1639 3754 1804 3851 ipso
1853 3775 1899 3850 q
1957 3772 2368 3819 numerum
2419 3748 2801 3846 integrum
2850 3746 3263 3847 positivum
3314 3748 3677 3849 accipere,
3734 3750 3869 3851 qui
3924 3750 4335 3826 conditioni

1181 3884 1603 3971 satisfaciat,
1662 3909 1994 3984 ergoque
2048 3908 2186 3986 per
2235 3880 2564 3955 formam
2616 3881 2925 3955 secundi
2969 3880 3250 3956 ordinis
3293 3881 3614 3958 duarum
3666 3882 4335 3988 independentium

1179 4024 1904 4127 approximationem
1953 4018 2155 4093 ultra
2205 4020 2625 4094 secundum
2675 4018 2989 4121 gradum
3034 4045 3172 4095 nos
3224 4023 3515 4123 assequi
3562 4048 3721 4099 non
3759 4048 4007 4126 posse,
4064 4028 4178 4100 uti
4228 4040 4333 4100 et-

1179 4162 1331 4234 iam
1380 4186 1475 4232 ex
1522 4156 1854 4235 formula
1902 4158 2033 4235 IV.
2059 4186 2098 4231 c
2148 4156 2449 4261 prodiit.
3322 4146 3335 4153 ”

1432 4295 1633 4371 Hine
1695 4311 2000 4400 accepto
2062 4324 2205 4399 pro
2265 4324 2336 4368 m
2402 4321 2734 4383 summo,
2824 4320 2967 4398 pro
3031 4324 3081 4368 n
3142 4294 3447 4384 infimo,
3528 4298 3665 4397 qui
3738 4294 4080 4371 relationi
4130 4296 4259 4372 IV.
4284 4327 4335 4371 a

1179 4430 1614 4521 satisfaciat,
1707 4459 2029 4506 numero
2105 4434 2437 4531 integro,
2529 4433 2824 4533 quoties
2905 4430 3202 4508 functio
3272 4451 3325 4530 φ
3404 4430 3661 4535 plures
3736 4430 4122 4506 variabiles
4202 4432 4329 4507 ab·

1177 4566 1455 4645 solutas
1517 4567 1834 4644 involvit
1854 4626 1875 4658 ,
1948 4566 2389 4670 generaliter
2448 4566 2833 4671 loquendo
2889 4566 3145 4673 plures
3201 4570 3362 4643 eius
3418 4580 3836 4644 constantes
3898 4565 4330 4645 indetermi-

1177 4722 1394 4783 natae
1448 4704 1838 4783 remanent
1855 4738 1877 4797 ς
1943 4709 2006 4779 si
2067 4733 2246 4784 vero
2312 4707 2405 4781 ad
2470 4707 2783 4810 gradum
2836 4708 3233 4809 (n1÷1)‘“”⁸
3285 4706 3625 4809 respicis,
3696 4701 3870 4808 plus
3922 4732 4152 4808 quam
4200 4704 4329 4781 de-

1178 4849 1614 4921 terminatae
1649 4856 1853 4923 sunt.
1909 4842 2092 4941 Quo
2137 4845 2394 4946 itaque
2432 4844 2662 4921 modo
2701 4841 3182 4946 problematis
3228 4855 3533 4919 naturae
3572 4843 3893 4917 maxime
3942 4845 4323 4933 convenit,
