4742 5950
2604 319 2663 414 4

1267 551 1346 651 3)
1409 545 1644 624 Valor
1705 545 2118 622 functionis
2169 547 2445 622 mutari
2498 558 2745 648 potest
2783 545 2923 645 (¹),
2984 543 3166 617 dum
3218 541 3766 618 elementorum
3814 569 4060 618 unum
4098 541 4221 620 vel

1063 684 1284 793 plura
1349 688 1634 760 variant
1651 742 1671 774 ‚
1757 710 1952 788 quae
2015 686 2172 789 ipsa
2236 683 2553 758 absolute
2617 683 2993 756 vat-&biles
3060 707 3191 756 seu
3260 683 3811 784 independentes
3828 737 3851 770 ,
3932 676 4221 756 valores

1062 823 1480 899 functionis
1543 837 1799 900 autem
1852 821 1994 896 hac
2059 823 2477 896 mutatione
2528 819 2829 896 oriundi
2882 821 3168 892 relative
3218 821 3592 892 variabiles
3644 845 3779 894 seu
3798 918 3810 928 .
3828 819 4229 920 dependen-

1065 980 1168 1034 tes
1217 963 1666 1064 quantitates
1691 961 1801 1060 (2)
1849 972 2393 1064 nuncupantur
2406 987 2429 1046 3
2495 959 2947 1033 mutationes
3012 956 3339 1059 denique
3402 954 3951 1031 elementorum
4012 961 4227 1030 ther-e-

1064 1116 1302 1174 menta
1352 1097 1500 1172 dici
1551 1096 1819 1172 solent.

1320 1232 1739 1322 Relatione,
1799 1260 1992 1336 quae
2039 1237 2240 1309 inter
2276 1237 2729 1310 mutationes
2770 1230 3442 1336 independentium
3484 1243 3559 1305 et
3592 1229 4079 1336 dependentis
4122 1227 4229 1305 lo-

1069 1401 1250 1448 cum
1308 1371 1577 1459 habet,
1645 1374 2164 1476 gravissimum
2227 1373 2499 1448 nititur
2556 1371 2954 1470 discrimen
3006 1373 3203 1444 inter
3252 1367 3681 1444 functiones
3730 1373 4103 1442 conu'nuas
4154 1381 4229 1442 et

1067 1511 1571 1585 discontinuaS.
1679 1494 2053 1586 Videlicet
2113 1513 2621 1613 quantitatum
2683 1507 3061 1610 quaelibet
3112 1509 3332 1582 series
3382 1504 3505 1581 vel
3560 1503 4003 1610 complexus
4056 1531 4231 1580 con-

1069 1627 1376 1722 tinuum
1427 1646 1733 1721 exhibet
1755 1703 1776 1736 ‚
1849 1650 2004 1722 sive
2052 1645 2206 1750 legi
2272 1648 2783 1746 continuitatis
2835 1644 3226 1732 satisfacit,
3292 1643 3429 1718 ubi
3480 1641 3691 1754 nulla
3756 1657 3912 1718 tam
3962 1645 4230 1744 exigua

1073 1787 1448 1888 quantitas
1491 1784 1898 1884 excogitari
1943 1799 2216 1888 potest,
2275 1812 2429 1886 qua
2478 1811 2638 1858 non
2688 1785 2939 1857 minor
2989 1785 3255 1856 existat
3306 1779 3721 1855 differentia
3770 1783 3970 1854 inter
4016 1780 4231 1855 binas

1073 1925 1588 1997 consecutivas
1639 1917 1942 1994 illarum
1993 1924 2529 2023 quantitatum.
2590 1921 2857 2021 Itaque
2908 1920 2965 1992 si
3018 1916 3168 1992 hoc
3226 1917 3318 1992 de
3378 1916 3768 1992 cuiusdam
3820 1916 4234 2021 dependen-

1073 2060 1166 2133 tis
1218 2059 1300 2130 in
1353 2055 1748 2132 functione
1799 2055 1967 2132 data
2017 2056 2403 2132 valoribus
2458 2026 2784 2132 asserere
2837 2054 3051 2140 licet,
3108 2053 3294 2130 haec
3345 2053 3643 2129 functio
3690 2057 3831 2129 erit
3871 2058 4233 2131 continua

1071 2179 1422 2298 respectu
1475 2189 1675 2268 illius
1729 2191 2216 2297 dependentis
2264 2192 2557 2268 habito.
2641 2193 2899 2290 Quare
2942 2216 3119 2266 cum
3162 2195 3242 2264 in
3282 2189 3564 2297 analysi
3604 2190 4018 2268 functionis
4061 2219 4234 2270 con-

1072 2335 1330 2406 tinuae
1381 2333 1594 2406 notio
1643 2335 1749 2404 ita
1795 2345 2238 2434 usurpetur,
2295 2347 2385 2406 ut
2436 2331 2733 2405 functio
2785 2343 3133 2433 respectu
3170 2332 3520 2404 omnium
3554 2329 4024 2404 variabilium
4062 2355 4237 2404 con-

1071 2471 1284 2546 'tinua
1335 2459 1797 2569 intelligatur
1839 2447 2056 2568 (nam
2104 2495 2286 2543 cum
2337 2463 2635 2542 functio
2688 2480 3031 2541 mutuam
3083 2463 3523 2540 relationem
3572 2468 3771 2541 inter
3821 2450 4081 2568 plures
4119 2493 4238 2541 va-

1073 2604 1374 2680 riabiles
1427 2609 1858 2692 constituat,
1915 2604 2300 2707 quaelibet
2348 2600 2719 2680 variabilis
2768 2617 3127 2706 tanquam
3166 2631 3209 2676 a
3262 2601 3571 2705 reliquis
3612 2601 4041 2705 dependens
4082 2629 4239 2706 spe-

1075 2745 1260 2820 ctari
1326 2745 1647 2846 potest),
1729 2741 2027 2816 functio
2086 2747 2427 2814 continua
2492 2745 2637 2815 erit
2702 2768 2823 2826 ea,
2906 2767 3094 2842 quae
3154 2743 3559 2842 quolibet
3619 2746 4063 2843 cuiusque
4109 2769 4239 2814 va-

1073 2883 1332 2954 ‘n'abilzls
1393 2881 1566 2952 dato
1629 2880 1878 2951 valore
1937 2879 2159 2948 alium
2211 2882 2547 2978 proxime
2608 2893 3013 2979 sequentem
3076 2903 3118 2948 e
3132 2877 3343 2948 ius-d
3352 2904 3393 2948 e
3408 2903 3481 2948 m
3540 2878 3899 2948 amr-[abillis
3951 2881 4241 2978 praebet

1077 3024 1176 3089 ita
1223 3034 1704 3116 compar-atum
1723 3070 1750 3111 ,
1811 3032 1894 3087 ut
1939 3015 2349 3115 dffmntia
2400 3019 2585 3087 inter
2630 3016 2869 3086 ambos
2921 3012 3129 3085 hosce
3178 3014 3462 3085 valor-es
3511 3015 3828 3087 absolute
3878 3020 4109 3087 minor
4150 3020 4243 3088 sit

1079 3154 1390 3257 qualibet
1450 3157 1846 3257 quantitate
1911 3150 2084 3224 data
2111 3150 2262 3251 (³);
2334 3152 2781 3224 dzkcontc'nua
2852 3175 2897 3224 e
2947 3152 3323 3284 conugdo
3392 3151 3535 3223 erit
3600 3149 3896 3224 functio
3919 3206 3946 3241 ,‚
4006 3156 4075 3225 si
4117 3156 4247 3227 vel

1168 3468 1260 3551 (¹)
1345 3469 1603 3529 Dictum
1644 3482 1764 3529 est:
1809 3470 2054 3529 mutari
2087 3482 2322 3551 potes&
2367 3492 2514 3531 nam
2554 3491 2629 3531 ex
2669 3468 2859 3531 altera
2890 3466 3144 3552 quidem
3176 3480 3347 3550 parte
3387 3464 3720 3528 absurdum
3759 3482 3912 3529 esset
3942 3470 4239 3553 accipere,

1063 3573 1484 3657 quantitatem
1511 3572 1782 3656 aliquam
1813 3573 1890 3633 ab
1930 3571 2050 3631 alia
2084 3572 2446 3655 dependere,
2484 3573 2792 3655 simulque
2826 3585 3111 3645 statuere,
3146 3572 3307 3632 hanc
3340 3590 3417 3631 ex
3442 3570 3637 3647 illius,
3672 3593 4070 3656 quaecunque
4102 3596 4245 3637 eon-

1081 3678 1378 3761 cipiatur‚
1434 3676 1774 3737 mutatione
1815 3674 2054 3739 nullam
2091 3674 2275 3757 plane
2315 3676 2721 3736 mutationem
2760 3675 3060 3749 nancisci;
3120 3695 3195 3736 ex
3228 3673 3416 3735 altera
3465 3689 3637 3759 parte
3686 3690 3892 3737 autem
3934 3676 4113 3738 facile
4154 3679 4245 3739 in-

1082 3778 1217 3841 telli
1227 3780 1416 3862 gitur,
1463 3798 1632 3839 casus
1666 3779 2043 3862 exceptionis
2075 3778 2363 3863 speciales
2393 3780 2650 3841 existere
2681 3800 2877 3862 posse,
2914 3778 3201 3841 videlicet
3258 3778 3319 3861 1)
3354 3780 3405 3839 si
3434 3801 3549 3863 pro
3588 3780 3875 3862 pluribus
3910 3781 4246 3865 singulari-

1082 3883 1200 3944 bus
1236 3882 1679 3945 elementorum
1713 3882 2023 3961 valoribus
2053 3883 2294 3945 functio
2327 3884 2591 3945 eundem
2624 3883 2848 3967 accipit
2876 3882 3165 3959 valorem,
3209 3904 3321 3966 eg.
3334 3907 3387 3962 y
3410 3910 3483 3939 ==
3508 3884 3605 3944 sin
3630 3906 3764 3959 xv,
3808 3884 3919 3945 uhi
3952 3908 4067 3969 pro
4098 3908 4247 3969 quo-

1083 3987 1241 4049 libet
1277 3987 1482 4050 valore
1524 3988 1718 4071 ipsius
1737 4010 1791 4049 x
1833 3988 2075 4072 integro
2117 3988 2187 4048 fit
2207 4011 2258 4067 y
2283 4008 2434 4063 =03
2505 3988 2565 4071 2)
2608 3988 2659 4048 si
2703 3987 2942 4049 functio
2984 3986 3163 4071 plura
3208 3988 3467 4049 involvit
3508 3987 3829 4065 elementa,
3882 4010 3996 4071 pro
4028 3991 4245 4075 singu-

1084 4092 1320 4154 laribus
1358 4093 1764 4156 variationum
1805 4091 2116 4155 valoribus
2165 4092 2321 4167 fieri,
2351 4106 2577 4175 potest,
2619 4106 2694 4153 ut
2732 4092 3017 4168 mutatio,
3068 4114 3255 4175 quam
3300 4092 3470 4155 valor
3510 4093 3851 4155 functionis
3891 4094 4113 4177 recipit
4150 4116 4247 4158 va-

1085 4198 1347 4258 riatione
1376 4196 1662 4258 elementi
1696 4198 1876 4272 alius,
1920 4196 2079 4259 alius
2107 4196 2441 4261 variatione
2475 4196 2853 4273 destruatur3
2900 4218 2950 4259 e.
2977 4219 3035 4280 g.
3058 4197 3167 4259 siz
3188 4222 3260 4252 =
3280 4218 3334 4258 x
3355 4212 3518 4275 ÷y‚
3564 4211 3627 4259 et
3646 4220 3700 4259 x
3720 4212 4002 4282 augetur,
4034 4220 4243 4278 yvero

1085 4301 1394 4363 minuitur
1439 4302 1775 4385 quantitate
1815 4326 1875 4363 a.

1100 4477 1105 4482 ⁸
1173 4404 1265 4489 (⁹)
1353 4404 1478 4467 Cel.
1517 4404 1787 4467 Dirksen
1833 4408 2219 4485 analytisehe
2246 4408 2669 4490 Darstellung
2688 4410 2807 4469 der
2838 4410 2911 4470 V
2902 4408 3623 4489 ariations-Rechuung
3642 4408 3697 4490 S.
3722 4408 3777 4469 2.

1173 4508 1266 4594 (³)
1352 4512 1430 4571 In
1476 4510 1592 4572 hac
1639 4510 1999 4572 definitione
2045 4510 2364 4574 variabiles
2412 4512 2739 4597 praecipue
2786 4526 3075 4597 tanquam
3128 4510 3532 4595 dependentes
3578 4510 3855 4593 singulae
3894 4510 4247 4595 spectandae

1087 4629 1257 4692 sunt;
1302 4637 1464 4695 nam·
1486 4634 1611 4691 eae,
1656 4636 1810 4699 quae
1848 4638 1978 4699 pro·
2006 4614 2552 4699 independentibus
2586 4618 2909 4692 habentur,
2954 4636 3192 4699 semper
3225 4614 3352 4697 legi
3389 4614 3813 4676 continuitatis
3845 4616 4243 4695 satisfaciunt,

1090 4722 1319 4804 quippe
1359 4721 1587 4803 quibus
1627 4720 1707 4781 ob
1747 4740 1880 4781 eam
1923 4721 2115 4804 ipsam
2154 4722 2457 4783 rationem
2472 4768 2489 4798 ‚
2535 4719 2701 4804 quod
2749 4718 3220 4805 independentes
3258 4730 3434 4794 sunt,
3479 4738 3688 4781 omnes
3728 4720 3982 4782 omnino
4014 4721 4247 4785 valores

1091 4838 1154 4885 et
1192 4825 1379 4887 reales
1423 4824 1593 4907 (inde
1634 4848 1667 4886 a
1692 4860 1761 4875 -—
1787 4845 1858 4887 00
1897 4847 2090 4909 usque
2131 4824 2206 4887 ad
2225 4841 2304 4893 -1-
2328 4824 2437 4908 00)
2485 4839 2545 4888 et
2589 4824 2938 4908 imaginarii
2980 4825 3173 4886 tribui
3216 4824 3466 4908 possint.
