4742 5950
2664 389 2773 475 62

1141 614 1204 686 si
1270 623 1598 713 quatuor
1665 602 2031 681 eiusmodi
2107 600 2397 678 valores
2473 629 2617 704 pro
2692 607 2957 706 quavis
3032 602 3565 707 independenti
3610 606 3909 683 'adsunt
3926 665 3947 696 ,
4044 612 4292 684 omni-

1141 749 1442 849 busque
1491 744 1751 818 formis
1803 739 2200 844 prohibitis
2251 753 2549 844 praeter
2602 765 2772 829 1111,
2820 765 2991 830 2222,
3047 765 3219 834 3333,
3267 755 3439 817 4444.
3541 742 3809 820 Statim
3859 744 4127 823 deinde
4180 749 4299 822 in.-

1141 885 1371 984 telligi
1384 897 1533 968 tur,
1591 880 1913 982 quodvis
1966 892 2286 983 systema
2333 877 2691 981 praebere
2742 882 2939 954 inter
2988 880 3417 957 functiones
3441 884 3520 982 f
3547 895 3623 956 et
3656 901 3711 980 φ
3762 881 3859 956 ad
3895 885 4297 960 minimum

1137 1021 1584 1098 relationem
1647 1045 1876 1092 unam
1895 1073 1914 1103 ,
2011 1043 2207 1118 quae
2269 1019 2328 1091 si
2394 1019 2539 1090 erit
2601 1021 2947 1120 aequatio
3016 1019 3165 1118 (¹),
3242 1045 3488 1092 unum
3536 1021 4071 1123 coiifficientem
4116 1021 4297 1094 fun-

1139 1162 1406 1236 ctionis
1473 1176 1525 1254 φ
1595 1156 2043 1232 determinat
2062 1211 2080 1242 ‚
2167 1157 2381 1229 cuius
2459 1167 2709 1228 autem
2779 1154 3025 1229 forma
3100 1153 3226 1229 hic
3297 1157 3410 1229 uti
3490 1159 3571 1230 in
3646 1160 3893 1260 prima
3970 1160 4300 1234 sectione

1139 1295 1438 1372 aliunde
1501 1296 1666 1370 data
1725 1295 2206 1396 supponitur.
2327 1289 2685 1366 Numeris
2746 1293 2975 1394 igitur
3048 1296 3551 1367 constantium
3602 1293 4033 1370 'functionis
4100 1314 4155 1393 φ
4222 1307 4302 1369 et

1001 1501 1010 1510 .
1132 1433 1615 1519 relationum,
1689 1431 1969 1533 quibus
2017 1431 2497 1532 aequationes
2548 1444 2989 1518 nascuntur,
3054 1455 3249 1531 resp.
3304 1456 3445 1532 per
3488 1434 3577 1509 N
3624 1443 3700 1506 et
3746 1435 3817 1506 R
3866 1429 4289 1533 designatis,

1137 1575 1280 1646 erit
1320 1567 1762 1673 generaliter
1802 1567 2186 1670 loquendo
2227 1569 2461 1671 ipsius
2498 1571 2567 1641 R
2601 1564 2813 1641 valor
2854 1570 3223 1642 maximus
3246 1599 3337 1636 =
3360 1570 3473 1654 N,
3522 1571 3599 1642 et
3638 1581 3939 1671 accepta
3970 1568 4298 1644 functio*-

1133 1712 1252 1784 nis
1306 1728 1358 1806 φ
1411 1707 1656 1781 forma
1711 1709 1824 1780 uti
1875 1719 2015 1780 art.
2053 1707 2123 1779 7.
2183 1707 2276 1804 (i.
2324 1731 2393 1778 e.
2444 1708 2755 1805 integra,
2824 1703 3194 1794 rationali,
3262 1704 3355 1778 71⁸²
3393 1703 3673 1780 ordinis
3728 1718 3800 1780 et
3854 1708 4123 1805 (w-1-1)
4176 1734 4296 1780 va-

1135 1844 1547 1945 riabilium)
1575 1847 1666 1920 N
1688 1841 2020 1945 aequalis
2061 1868 2382 1917 numero
2410 1845 2623 1916 ”Tm
2654 1886 2744 1901 —-
2770 1867 2833 1930 1,
2872 1845 3029 1918 sive
3070 1841 3397 1918 habetur
3434 1841 3585 1918 hoc
3625 1869 3804 1917 casu
3848 1842 4293 1948 generaliter

2390 1983 2461 2052 R
2482 1981 2543 2082 ξ
2577 1983 2801 2052 ’·Τ·”·Η
2826 2023 2920 2038 -
2946 2003 3008 2051 1.
3524 1983 3635 2078 (1)

1131 2117 1427 2214 Quodsi
1479 2117 1789 2218 insuper
1835 2111 2023 2189 aliae
2091 2113 2555 2189 conditiones
2626 2114 3295 2217 (indeterminatae)
3354 2115 3657 2204 adsunt,
3732 2129 4105 2216 quatenus
4170 2115 4289 2192 his

1133 2250 1396 2356 regula
1445 2253 1540 2352 (1)
1591 2263 1969 2338 mutetur,
2051 2276 2204 2325 non
2259 2255 2405 2326 nisi
2468 2279 2645 2327 casu
2700 2251 3004 2356 speciali
3058 2253 3367 2327 definire
3412 2251 3617 2328 licet.
3724 2252 4017 2328 Verum
4064 2256 4290 2328 etiam

1129 2391 1247 2466 his
1300 2391 1838 2493 praetermissis
1891 2387 2081 2461 duae
2133 2389 2227 2460 ab
2279 2387 2421 2463 hac
2474 2388 2749 2488 regula'
2780 2395 3257 2493 exceptiones
3306 2393 3827 2466 inveniuntur.

1384 2530 1451 2601 Ι.
1535 2527 1998 2600 Functiones
2023 2527 2102 2627 f
2131 2538 2204 2598 et
2254 2544 2309 2623 φ
2365 2527 2465 2598 ita
2520 2541 2985 2630 comparatae
3036 2553 3193 2601 esse
3244 2542 3587 2630 possunt,
3656 2541 3747 2600 ut
3800 2526 4283 2630 dependentis

1127 2662 1503 2741 variabilis
1553 2661 1928 2751 valorum,
1985 2665 2121 2764 qui
2165 2664 2626 2766 conspirant,
2682 2689 3048 2738 numerus
3088 2661 3334 2738 multo
3374 2665 3617 2738 maior
3659 2667 3755 2739 sit
3802 2661 4020 2740 multi
4029 2663 4287 2740 tudine

1133 2803 1637 2878 constantium
1685 2798 2101 2875 functionis
2154 2818 2206 2896 φ
2221 2831 2243 2888 ;
2302 2800 2514 2901 quod
2563 2827 2745 2876 vero
2798 2827 2978 2874 cum
3026 2827 3337 2904 prorsus
3389 2830 3432 2873 a
3482 2816 3751 2876 natura
3801 2800 4285 2876 functionum

1127 2937 1475 3045 pendeat,
1534 2934 1898 3042 postulari
1941 2961 2100 3014 non
2146 2950 2419 3041 potest,
2472 2963 2649 3013 nam
2684 2965 3051 3015 numerus
3092 2937 3399 3016 illorum
3437 2937 3766 3041 aequalis
3812 2937 4281 3014 multitudini

1131 3079 1637 3153 constantium
1686 3102 1946 3149 revera
1995 3075 2743 3151 indeterminatarum
2794 3076 3269 3154 functionem
3310 3079 3719 3179 quaesitam
3761 3073 3985 3178 plane
4038 3075 4279 3150 deter-

1129 3216 1390 3287 minat.
1447 3260 1537 3269 —-
1589 3211 1706 3285 Sit
1755 3239 1822 3285 e.
1857 3240 1930 3313 g.

1125 3349 1424 3425 functio
1475 3347 1838 3423 absoluta.
2155 3332 2164 3340 ⁸
2199 3378 2271 3450 y
2293 3382 2385 3419 =
2408 3380 2456 3423 a
2482 3352 2595 3425 sin
2622 3377 2683 3423 x
4064 3349 4173 3447 (2)

1048 3506 1058 3515 '
1121 3487 1420 3561 functio
1455 3488 1998 3591 ,approximans
2221 3512 2256 3559 ο
2281 3522 2370 3555 =
2397 3491 2604 3588 Bxy
2627 3508 2715 3569 4
2754 3483 2922 3586 Cy*
2955 3506 3041 3567 -ι-
3064 3488 3213 3581 Βῳ
3236 3504 3325 3565 -Ι-
3346 3486 3429 3558 E
3430 3512 3495 3583 y
3515 3507 3603 3565 -ι-
3628 3488 3711 3557 F
4062 3487 4170 3585 (3)

1123 3627 1370 3726 sitque
1420 3650 1554 3726 per
1605 3622 2110 3698 conditionem
2213 3648 2248 3695 ο
2295 3620 2352 3729 Ξ
2408 3623 2600 3698 CD²
2629 3622 2853 3704 ÷B²
2884 3620 2993 3697 F²
3036 3664 3125 3680 —
3157 3622 3416 3696 BDE
3468 3622 3582 3720 (⁶)

998 3748 1008 3753 ’
1120 3776 1198 3835 et
1249 3759 1586 3835 absolute
2214 3788 2262 3831 a
2285 3778 2366 3841 >
2428 3724 2530 3875 g-

1377 3895 1680 3991 Quibus
1739 3898 1998 3997 positis
2051 3896 2396 3995 aequatio
2462 3896 2573 3996 (3)
2626 3908 3131 3997 repraesentat
3176 3891 3704 3998 hyperbolam,
3760 3896 3978 3969 cuius
4030 3920 4271 3999 asym-

1123 4048 1336 4139 ptota
1386 4032 1585 4108 linea
1626 4079 1714 4094 —
1762 3998 1856 4151 g
1897 4032 1990 4105 ab
2054 4060 2197 4107 axe
2261 4033 2755 4110 abscissurum
2804 4060 2865 4105 x
2919 4031 3159 4121 distat,
3217 4059 3376 4133 quo
3432 4030 3545 4116 fit,
3602 4045 3691 4107 ut
3730 4028 4149 4137 hyperbola
4188 4029 4273 4106 li·

1122 4198 1343 4245 neam
1387 4174 1694 4247 sinuum
1741 4173 2187 4273 aequatione
2237 4172 2348 4271 (2)
2416 4171 2813 4244 indicatam
2868 4196 3025 4245 non
3077 4182 3409 4271 quatuor
3467 4168 3599 4245 sed
3634 4170 4049 4245 innumeris
4080 4194 4268 4273 pun·

1121 4312 1260 4385 ctis
1309 4322 1534 4383 secet.
1640 4306 2150 4387 Nihilominus
2205 4323 2459 4384 autem
2512 4308 2610 4383 ob
2664 4308 3127 4383 conditiones
3180 4306 3497 4383 adiectas
3544 4320 3695 4383 tres
3746 4304 4264 4403 tantummodo

1207 4674 1312 4761 (¹)
1399 4671 1842 4757 Aequationem
1869 4690 1990 4756 e.g.
2017 4694 2144 4733 non
2177 4674 2425 4736 exhibet
2465 4672 2903 4757 relatios(a1,
2932 4698 3008 4749 ag
3188 4672 3296 4757 a..)
3342 4708 3414 4723 —
3442 4688 3490 4751 φ
3523 4622 3657 4755 ’(αυ-
3680 4696 3788 4749 a„
3972 4671 4082 4755 a..)
4107 4629 4257 4756 ξς,

1121 4802 1274 4865 quae
1302 4777 1766 4841 indeterminata
1789 4778 2096 4839 nominari
2121 4780 2367 4861 poterit.

1210 4884 1305 4967 (²⁵)
1391 4886 1460 4949 Si
1489 4898 1641 4947 esset
1671 4882 1832 4945 CD²
1851 4882 2193 4951 ÷B²F-
2211 4882 2412 4945 BDE
2432 4910 2503 4938 =
2528 4900 2578 4959 ο,
2608 4882 2871 4944 formula
2901 4881 2987 4965 (3)
3014 4882 3243 4943 lineam
3268 4894 3497 4945 rectam
3522 4880 3855 4944 exhiberet.
