4742 5950
452 579 744 656 valores
823 604 964 682 pro
1045 577 1707 680 approximatione
1769 573 1990 679 plane
2066 575 2435 651 arbitrarii
2511 589 2724 664 sunt,
2775 579 3095 678 -quibus
3171 578 3355 656 datis
3432 581 3623 656 mul-

459 717 758 793 timodis
827 715 1389 792 conditionibus
1455 712 1792 791 satisfieri
1853 725 2104 816 potest
2123 767 2146 800 ,
2251 711 2795 818 simplicissime
2869 714 3219 818 ponendo
3299 721 3376 792 D
3412 752 3505 788 =
3542 744 3577 793 o
3596 773 3615 806 ‚

459 854 664 930 unde
732 855 894 928 axis
959 854 1117 956 ipsa
1184 852 1674 933 abscissurum
1741 850 1827 926 fit
1875 864 2324 956 asymptota.

715 988 954 1066 Aliud
1004 988 1440 1092 exemplum
1489 989 1818 1108 offerunt
1866 991 2347 1089 aequationes

1027 1155 1212 1228 y=
1235 1156 1282 1198 a
1300 1143 1328 1198 t
1333 1152 1459 1224 gx

463 1279 540 1341 et
1045 1289 1196 1336 0=
1219 1261 3106 1383 A²x⁸÷2Any÷C²y²÷Doe÷Ey÷F,

463 1429 791 1505 quarum
830 1403 1205 1505 posterior
1243 1397 1674 1502 parabolam
1712 1399 2014 1474 indicat.
2099 1398 2250 1474 Sed
2289 1413 2595 1475 eatenus
2639 1398 2789 1478 hoc
2831 1399 3263 1503 exemplum
3301 1431 3341 1474 a
3384 1404 3628 1506 priori

466 1539 752 1630 differt,
823 1538 1033 1641 quod
1090 1540 1534 1640 quicunque
1594 1551 1925 1640 quatuor
1991 1535 2275 1612 valores
2339 1565 2483 1640 pro
2550 1541 3198 1640 approximatione
3264 1541 3621 1642 (excepto

462 1672 626 1754 solo
675 1705 739 1750 a:
765 1709 855 1746 =
887 1665 1060 1792 ἐξ,
1119 1675 1546 1777 designante
1597 1678 1760 1778 ipso
1813 1705 1864 1752 a
1915 1675 2323 1752 numerum
2375 1678 2757 1776 integrum
2808 1678 3200 1779 imparem)
3254 1678 3623 1781 accipian-

461 1827 618 1904 tur,
677 1815 1238 1890 intersectiones
1291 1811 1689 1916 parabolae
1743 1841 1920 1889 cum
1966 1810 2166 1888 linea
2218 1816 2686 1916 tangentium
2739 1816 2887 1888 sint
2934 1817 3400 1890 innumerae.

717 1953 826 2026 H.
908 1949 1170 2026 Altera
1222 1951 1426 2024 adest
1479 1953 1849 2052 exceptio,
1907 1953 2144 2052 priori
2207 1953 2607 2037 contraria,
2667 1953 2729 2026 si
2775 1949 3072 2026 functio
3130 1971 3182 2049 φ
3240 1954 3387 2025 iam
3441 1976 3623 2025 con-

467 2087 830 2164 ditionem
896 2114 1040 2190 pro
1105 2087 1686 2164 coefficientibus
1747 2089 1900 2162 suis
1962 2083 2320 2173 involvit,
2395 2090 2520 2161 cui
2579 2085 2919 2162 satisfieri
2982 2090 3273 2190 saepius
3323 2089 3618 2190 nequit,

468 2253 540 2302 e.
571 2253 646 2327 g.
699 2221 1342 2301 irrationalitatem
1361 2255 1382 2313 ς
1451 2251 1629 2296 nam
1681 2220 1895 2309 haec,
1963 2248 2401 2322 quanquam
2452 2220 2931 2298 solummodo
2983 2222 3362 2299 relationis
3410 2225 3624 2299 inde-

465 2364 904 2438 terminatae
957 2363 1120 2436 vice
1170 2360 1546 2464 fungitur,
1601 2359 1860 2437 forsan
1913 2358 2250 2462 impedit,
2309 2386 2468 2460 quo
2518 2363 2768 2436 minus
2812 2373 2929 2435 tot
2967 2361 3491 2466 systematibus
3530 2386 3625 2434 ex

464 2525 624 2576 asse
673 2497 1008 2574 satisfieri
1060 2502 1322 2601 possit,
1381 2526 1610 2599 quam
1667 2497 1945 2598 quibus
1997 2523 2140 2598 pro
2191 2523 2513 2572 numero
2564 2501 2655 2576 N
2702 2497 2990 2573 liceret.
3096 2498 3389 2573 Deinde
3440 2523 3627 2600 quo-

467 2634 862 2713 dammodo
913 2661 1125 2710 casus
1176 2633 1331 2710 huc
1380 2637 1758 2738 pertinere
1810 2632 2137 2720 videtur,
2210 2661 2366 2735 quo
2418 2635 2849 2762 functiones
2878 2639 2953 2738 f
2980 2649 3055 2710 et
3106 2655 3158 2733 φ
3210 2648 3388 2711 sunt
3437 2633 3626 2736 alge-

465 2773 760 2850 hraicae
811 2788 886 2847 et
935 2737 1268 2846 eiusdem
1321 2771 1632 2873 ordinis,
1689 2771 1968 2851 adiecta
2010 2770 2468 2859 conditione,
2526 2785 2616 2846 ut
2656 2799 2815 2850 non
2855 2798 3162 2875 prorsus
3205 2771 3389 2848 fiant
3425 2772 3625 2848 iden·
3640 2741 3647 2746 Ι

468 2912 684 2987 ticae.
765 2910 911 2985 Hic
957 2935 1320 2984 numerus
1362 2921 1874 3015 systematum,
1930 2934 1975 2984 e
1999 2907 2280 3011 quibus
2319 2912 2803 3011 aequationes
2844 2913 3223 3000 oriuntur,
3282 2910 3374 2984 ad
3415 2911 3626 2984 mini-

467 3076 684 3124 mum
723 3050 1006 3123 unitate
1040 3050 1293 3121 minor
1331 3072 1490 3131 esse
1525 3046 1748 3121 debet
1777 3072 2095 3121 numero
2117 3050 2346 3121 ''1⁷⁰⁴’'
2380 3093 2469 3106 —
2496 3073 2556 3136 1,
2602 3051 2727 3123 cui
2770 3052 2831 3124 si
2870 3046 2997 3123 ille
3032 3046 3361 3150 aequalis
3400 3060 3617 3135 esset,

468 3184 898 3260 functiones
933 3187 1013 3288 f
1057 3198 1135 3260 et
1205 3202 1257 3281 φ
1327 3180 1549 3286 plane
1613 3182 1882 3261 fierent
1944 3184 2337 3261 identica'e.
2446 3183 2571 3261 Sic
2634 3188 2827 3261 duae
2894 3190 3255 3263 sectiones
3318 3187 3621 3262 conicae

469 3324 770 3399 nonnisi
821 3337 1152 3423 quatuor
1199 3323 1498 3423 punctis
1551 3346 1706 3397 sese
1757 3325 2204 3397 intersecare
2253 3338 2594 3424 possunt.

724 3730 1016 3830 Quodsi
1067 3730 1394 3806 habetur
1443 3733 1516 3807 R
1553 3751 1634 3814 <
1671 3733 1796 3819 N,
1871 3756 2014 3805 nec
2064 3728 2248 3805 aliae
2302 3730 2573 3805 adsunt
2624 3727 3091 3805 conditiones
3142 3744 3273 3805 aut
3322 3728 3621 3807 relatio·
3692 3830 3703 3837 ·

453 3854 604 3947 ⁸nes
657 3869 1294 3957 indeterminatae,
1338 3866 1808 3970 generaliter
1856 3866 2239 3970 loquendo
2292 3867 2643 3970 pluribus
2696 3872 3235 3971 aequationum
3259 3870 3322 3942 Ι.
3372 3886 3506 3945 art.
3541 3876 3618 3945 4.

474 4008 627 4083 sive
651 4008 752 4079 ΙΙ.
801 4021 936 4082 art.
973 4009 1046 4081 6.
1097 4004 1430 4081 satisfieri
1480 4008 1784 4109 poterit,
1843 4030 1885 4079 e
1928 4006 2207 4108 quibus
2251 4008 2688 4108 praesertim
2738 4004 3115 4107 eligendae
3166 4020 3367 4092 sunt,
3427 4033 3633 4107 quae

473 4142 748 4219 infimis
839 4142 1275 4218 otestatibus
1311 4146 1952 4217 incrementorum
1986 4144 2470 4246 respondent,
2529 4168 2707 4243 ergo
2746 4169 2840 4216 ex
2868 4142 3439 4244 aequationibus
3462 4146 3529 4218 Ι.
3553 4147 3624 4246 b)

499 4244 606 4319 δί’
638 4315 728 4349 =
763 4258 927 4405 -3-2,
982 4244 1104 4414 {s
1135 4244 1432 4413 ἓξὲξ,
1491 4244 1758 4405 ΒΞῘ-
1668 4336 1759 4349 -
1795 4325 1940 4407 ‘d—xT
1999 4293 2143 4356 etc.
2290 4280 2671 4355 Numerus
2750 4278 3015 4353 talium
3090 4283 3624 4383 aequationum

477 4431 588 4493 est
636 4422 729 4499 N
746 4462 835 4478 —
861 4422 958 4507 R,
1016 4445 1196 4493 cum
1245 4419 1524 4519 quihus
1573 4418 2038 4494 multimodis
2075 4444 2295 4519 agere
2341 4415 2543 4492 licet.
2640 4417 2760 4491 Ex
2812 4430 3079 4491 natura
3130 4416 3413 4495 scilicet
3460 4447 3629 4522 pro-

472 4552 816 4629 blematis
869 4554 1198 4659 speciali,
1256 4582 1407 4657 qua
1456 4556 1734 4660 pendet
1779 4582 2144 4631 numerus
2191 4558 2282 4634 N
2301 4600 2393 4615 —-·
2418 4560 2513 4645 R,
2573 4554 3135 4632 diiudicandum
3174 4561 3318 4633 erit
3354 4561 3431 4655 a)
3480 4583 3625 4659 pro

477 4690 757 4795 quibus
823 4678 1204 4771 valoribus
1279 4721 1422 4798 pro
1501 4696 2144 4797 approximatione
2219 4690 2586 4798 quaedam
2645 4721 2739 4769 ex
2800 4697 2956 4771 istis
3021 4692 3618 4795 aequationibus,
