4742 5950
491 603 816 696 fructus,
869 617 1244 706 quantum
1285 601 1572 702 liceret,
1628 604 2014 707 percipere
2056 630 2150 678 ex
2187 601 2330 678 hac
2378 601 2805 679 litterarum
2842 606 3044 696 sede,
3091 632 3387 685 summo
3430 637 3657 716 opere

495 751 941 826 summaque
982 751 1165 799 cura
1204 725 1414 799 nisus
1455 749 1650 810 sum,
1709 725 1888 826 ipsis
1932 723 2251 826 quodvis
2293 736 2591 826 tempus
2637 750 2723 798 ac
2763 727 3007 798 otium
3046 729 3363 828 peractis
3404 756 3663 804 mune·

494 845 596 918 ris
639 842 908 918 officiis
951 841 1416 945 impendens.
1507 841 1598 914 Id
1649 842 1860 942 quod
1900 844 1960 916 si
1998 841 2558 946 quodammodo
2600 845 3084 931 successerit,
3164 842 3664 924 celeberrimis

409 957 420 962 ⁵
489 963 673 1036 viris
715 963 1086 1048 Tnnuur,
1143 961 1450 1046 Muza,
1508 960 1924 1034 Hausuamz
1974 975 2048 1034 et
2082 960 2563 1049 S‘raomzrna,
2610 965 3199 1064 praesertimque
3242 990 3538 1040 summo
3573 992 3663 1040 ac

490 1077 1078 1183 praeclarissimo
1135 1078 1380 1154 Gauss
1430 1081 1890 1188 sempiterno
1943 1077 2356 1153 obstrictus
2407 1081 2761 1154 maximas
2816 1084 3080 1179 gratias
3132 1080 3399 1157 debeo.

719 1199 1222 1301 Sesquitertio
1255 1210 1513 1301 postea
1547 1223 1744 1272 auno
1781 1223 1959 1270 cum
1979 1193 2447 1271 Coesfeldiae
2479 1223 2823 1272 reversus
2864 1224 3124 1287 essem,
3175 1196 3457 1302 plura
3434 1226 3662 1304 1mpe·

496 1314 852 1403 diierunt,
911 1343 1070 1418 quo
1107 1319 1359 1390 minus
1395 1315 1763 1391 desiderio
1801 1314 2222 1390 matheseos
2260 1328 2335 1388 et
2373 1314 2719 1421 physices
2756 1315 3011 1405 studii,
3067 1321 3179 1391 uti
3224 1318 3653 1421 cupiebam,

495 1433 917 1510 satisfacere
967 1437 1273 1537 possim.
1387 1435 1926 1509 Verumtamen
1979 1433 2132 1508 duo
2184 1433 2502 1507 fuerunt
2545 1431 3010 1536 problemata
3050 1438 3421 1534 graviora,
3478 1464 3661 1539 quo·

495 1580 672 1628 rum
723 1552 1081 1628 solutioni
1127 1553 1546 1656 praecipue·
1572 1552 1932 1642 incubui;
1989 1547 2312 1626 alterum
2353 1552 2637 1627 scilicet
2682 1553 2881 1627 circa
2920 1549 3424 1653 longitudines
3476 1581 3660 1656 quo·

494 1669 820 1746 tundam
869 1698 1185 1746 arcuum
1238 1699 1280 1746 e
1333 1670 1636 1748 duobus
1688 1670 1990 1748 circulis
2044 1699 2200 1752 sese
2253 1669 2727 1774 tangentibus
2781 1668 3081 1746 alterius
3134 1671 3341 1748 radio
3396 1672 3661 1748 abscis-

496 1817 783 1878 sorum‚
857 1793 1074 1866 ouius
1131 1788 1619 1906 problematis
1685 1789 1961 1866 solutio
2025 1792 2306 1865 directa
2371 1804 2447 1864 et
2514 1788 2876 1892 generalis
2928 1792 3214 1890 magnis
3265 1788 3662 1866 difficulta-

496 1905 696 1984 tibus
747 1912 1147 2046 premitur,
1205 1909 1560 1986 indirecta
1615 1924 1868 1984 autem
1917 1913 2090 1985 satis
2151 1909 2494 2012 expedita
2544 1910 2881 2011 egregiae
2934 1904 3356 1999 solutionis,
3429 1937 3657 2011 quam

495 2025 636 2102 cel.
689 2049 763 2101 et
797 2030 1072 2102 unicus
1113 2027 1360 2101 GAnss
1401 2028 1495 2099 de
1535 2029 1871 2099 Κιιινιιιιιι
1914 2026 2383 2128 problemate
2426 2026 2659 2114 dedit,
2716 2025 3291 2127 amplificatione
3334 2027 3659 2130 quadam

494 2149 874 2222 successit.
956 2145 1301 2222 Alterum
1349 2142 1740 2248 problema
1783 2169 1874 2219 eo
1929 2145 2292 2238 consistit,
2363 2142 2694 2217 indicare
2745 2141 3365 2234 Goniometrum,
3438 2149 3654 2221 cuius

496 2289 650 2370 ope
695 2290 839 2367 pro
893 2261 1287 2366 crystallis,
1359 2291 1693 2363 quorum
1746 2261 1968 2364 plana
2018 2258 2443 2338 laevitatem
2492 2261 2777 2336 habent
2823 2259 3315 2366 specularem,
3370 2266 3656 2365 praeci-

493 2382 783 2458 sionem
835 2408 1082 2485 usque
1131 2381 1225 2455 ad
1275 2409 1515 2484 pauca
1566 2384 1857 2456 minuta
1919 2379 2280 2470 secunda,
2352 2408 2497 2484 pro
2568 2378 2729 2456 aliis
2777 2406 2966 2457 vero
3029 2381 3392 2487 crystallis
3458 2384 3655 2458 eius-

494 2497 700 2574 modi
764 2498 1006 2604 planis
1063 2525 1218 2575 non
1271 2501 1620 2604 praeditis
1672 2499 1766 2573 ad
1816 2499 2060 2602 prima
2109 2502 2471 2600 attingere
2525 2497 2769 2607 liceat.
2850 2501 3103 2578 Huius
3154 2500 3424 2578 deinde
3472 2527 3655 2603 pro·

493 2617 837 2696 blematis
885 2617 1164 2694 solutio
1212 2622 1547 2694 societati
1584 2619 2065 2720 Gottingensi
2107 2620 2527 2694 amicorum
2566 2621 2679 2694 rei
2729 2618 3146 2696 metallicae
3193 2622 3647 2724 peritorum,

499 2741 634 2841 qui
686 2741 978 2814 socium
1031 2765 1155 2812 me
1207 2751 1687 2842 cooptarant,
1762 2736 2030 2813 tradita
2085 2750 2222 2812 est.

717 2855 906 2933 Inde
954 2884 997 2930 a
1051 2857 1298 2932 medio
1365 2855 1530 2931 fere
1596 2882 1794 2932 anno
1845 2853 2354 2960 praeterlapso
2408 2883 2586 2932 cum
2635 2853 2968 2932 Berolini
3018 2858 3293 2931 morari
3346 2879 3651 2932 conces·

493 3005 662 3055 sum
708 2976 895 3051 mihi
945 2991 1172 3063 esset,
1243 2980 1325 3050 in
1375 2976 1743 3052 mathesin
1796 2990 1874 3052 et
1921 2975 2316 3081 physicam
2367 2994 2675 3080 operam
2724 2978 2986 3053 navavi
3006 3030 3029 3065 ,
3110 2975 3317 3052 haud
3378 3005 3652 3115 parum

493 3094 792 3170 adiutus
833 3124 877 3168 a
917 3094 1333 3170 clarissimis
1379 3096 1937 3200 professoribus
1980 3095 2278 3183 Eunu,
2334 3096 2669 3173 Dmxsms
2706 3109 2783 3170 et
2816 3096 3420 3186 Mrrscnnnmcn,
3478 3098 3649 3199 qui-

490 3216 634 3290 bus
669 3212 1089 3316 plurimum
1127 3214 1391 3286 debeo.
1447 3214 1739 3289 Deinde
1765 3244 1806 3288 a
1831 3216 2094 3316 primis
2131 3212 2361 3289 huius
2398 3218 2573 3288 anni
2614 3215 3002 3290 mensibus
3036 3217 3427 3318 negotium
3460 3213 3642 3303 fuit,

495 3335 796 3434 (omissa
831 3328 1139 3418 scilicet,
1187 3358 1417 3431 quam
1449 3334 1530 3403 in
1563 3348 1812 3405 mente
1845 3330 2110 3418 habui,
2150 3333 2243 3404 de
2279 3330 2527 3406 calore
2556 3334 3106 3432 disquisitione)
3168 3332 3261 3406 de
3325 3331 3650 3407 duarum

492 3453 978 3528 functionum
1027 3451 1670 3553 approximatione
1711 3459 2107 3522 tractatum
2160 3449 2662 3535 conscribere,
2722 3451 2939 3522 cuius
2977 3462 3271 3552 partem
3312 3452 3649 3550 priorem

489 3574 574 3647 in
626 3569 1136 3645 dissertatione
1185 3566 1658 3670 praecedenti
1677 3622 1699 3655 ,
1779 3568 2014 3641 totius
2063 3580 2320 3641 autem
2373 3570 2868 3642 summarium
2930 3567 3023 3641 ad
3081 3565 3310 3643 huius
3364 3554 3657 3646 calcem'

491 3704 870 3767 annexum
912 3690 1314 3762 invenitur.

718 3808 1068 3911 Princeps
1141 3806 1467 3908 denique
1529 3801 2062 3879 serenissimus
2157 3830 2385 3908 supra
2438 3803 2784 3881 laudatus
2841 3830 2984 3908 pro
3048 3802 3644 3882 administrandis

490 3928 810 4016 iuribus,
867 3952 1062 4029 quae
1100 3925 1241 4001 sibi
1284 3951 1376 3999 ex
1421 3922 1722 3998 decreto
1765 3935 2178 3997 conventus
2205 3922 2812 4000 Vindobonensis
2861 3950 3003 3999 nec
3051 3950 3206 4001 non
3256 3952 3353 4001 ex
3390 3924 3647 4027 Regiis

493 4048 750 4125 edictis
791 4045 962 4121 d.d.
1006 4053 1170 4119 21¹²·
1203 4046 1406 4119 Iunii
1457 4045 1646 4116 1815
1699 4053 1777 4117 et
1829 4048 1994 4113 30¹¹·
2028 4042 2210 4116 Maii
2263 4048 2456 4116 1820
2500 4057 2983 4148 competunt,
3066 4073 3109 4119 a
3155 4042 3481 4121 consiliis
3525 4071 3643 4119 re-

493 4164 980 4271 giminalibus,
1017 4192 1142 4241 me
1189 4165 1621 4267 designavit.
