4742 5950
2696 389 2811 480 58

1179 614 1402 688 etiam
1425 605 2170 708 'factores'aequales
2221 607 2543 684 membri
2571 611 2897 696 summi,
2956 635 3291 710 quorum
3340 635 3703 686 numerus
3752 623 3863 688 est
3916 614 4159 718 impar
4180 615 4316 716 (¹),

1178 749 1378 826 unde
1427 747 1726 822 functio
1789 747 2154 822 continuo
2208 743 2753 822 dabit-valeres
2806 745 3069 824 reales.

1429 887 1517 985 3)
1593 882 1794 959 Cum
1845 881 2227 984 quaelibet
2275 882 2575 960 functio
2627 887 2823 960 intra
2877 898 3139 960 certos
3178 882 3655 961 solummodo
3707 882 3977 962 limites
4030 886 4323 967 valores

1177 1021 1406 1107 reales
1453 1023 1857 1125 praehens,
1942 1049 2188 1096 unum
2239 1019 2585 1098 absolute
2632 1024 3047 1098 maximum
3096 1024 3591 1098 minimumve
3640 1020 3762 1098 vel
3812 1021 4071 1127 plures
4124 1027 4321 1103 inter

1175 1187 1254 1238 se
1297 1158 1640 1262 aequales
1683 1161 2100 1234 necessario
2144 1156 2444 1246 haheat,
2502 1161 2869 1260 sequitur,
2928 1185 3229 1235 omnem
3278 1157 3768 1259 algebraicam
3820 1159 4145 1236 duarum
4196 1189 4323 1238 va-

1173 1296 1556 1372 riabilium
1617 1297 2121 1382 functionem,
2179 1299 2403 1372 cuius
2446 1297 2875 1374 membrum
2924 1325 3308 1372 summum
3358 1324 3513 1372 non
3568 1298 3713 1372 nisi
3763 1297 4083 1374 factores
4136 1300 4325 1377 ima-

1173 1438 1496 1536 ginarios
1563 1437 1898 1510 continet
1919 1489 1940 1522 ,
2024 1448 2230 1510 certo
2301 1432 2585 1510 habere
2644 1432 2935 1512 valores
3012 1432 3355 1514 absolute
3416 1436 3780 1510 maximos
3846 1436 4317 1511 minimosve.

1171 1570 1546 1648 Absolute
1595 1572 1920 1647 diximus
1971 1574 2334 1646 maximos
2386 1574 2829 1648 minimosve
2851 1627 2871 1659 ‚
2953 1575 3135 1674 quia
3196 1570 3506 1648 relative
3570 1573 3877 1646 maximi
3938 1575 4328 1648 minimive

1173 1711 1314 1811 ipsi
1365 1709 1455 1782 ad
1504 1708 1820 1784 limitem
1873 1709 2250 1812 quendam
2302 1735 2753 1812 convergere
2807 1724 3123 1814 possunt
3154 1709 3291 1811 (²).
3374 1707 3641 1786 Plures
3695 1707 4037 1786 absolute
4086 1711 4325 1784 maxi-

1172 1872 1334 1923 mos
1389 1848 1832 1926 minimosve
1881 1850 2079 1923 inter
2129 1875 2208 1924 se
2253 1847 2601 1950 aequales
2656 1847 2861 1922 dabit
2912 1875 2981 1922 e.
3006 1876 3079 1948 g.
3134 1849 3523 1948 aequatio:

2117 2001 2553 2096 y=‘a÷b
2604 2003 2720 2072 sin
2771 2021 3008 2079 :1:40
3058 2003 3175 2072 sin
3218 2027 3357 2100 px

2596 2159 2631 2194 c
3578 2147 3816 2201 4m÷3

1132 2182 1142 2190 “
1173 2176 1536 2250 existente
1637 2205 1685 2248 a
1708 2195 1785 2256 >
1811 2178 1854 2248 b
1885 2194 1974 2255 -Ι-
1997 2203 2063 2262 c,
2121 2177 2162 2246 b
2186 2195 2266 2255 >
2534 2248 2766 2301 4m÷3
2854 2259 2902 2292 n
2999 2176 3154 2248 sive
3224 2177 3265 2246 b
3300 2227 3318 2248 .
3360 2175 3475 2246 sin
3666 2257 3715 2317 p
3887 2161 4069 2295 }>
4088 2204 4155 2265 c,

2341 2279 2455 2350 sin
2485 2244 2538 2401 (
2621 2359 2670 2418 p
2765 2245 2921 2400 )-ῖ

1171 2470 1246 2532 et
2319 2485 2489 2528 vr:
2514 2480 2578 2545 3,
2604 2469 2780 2533 14159
2807 2509 3061 2531 ........
3096 2510 3117 2542 ,

1169 2665 1398 2754 atque
1473 2668 1777 2756 accepto
1853 2677 1996 2754 pro
2074 2652 2238 2754 ipso
2299 2679 2357 2752 p
2438 2675 2761 2725 numero
2844 2647 3191 2751 quolibet
3263 2651 3590 2753 positivo
3664 2653 3958 2752 integro
4032 2651 4323 2728 formae

1167 2790 1420 2888 (lam-u-
1443 2792 1530 2890 1).
1638 2789 1834 2864 Nam
1903 2791 2196 2890 quoties
2266 2790 2425 2890 ipsa
2492 2815 2553 2860 x
2614 2783 2952 2861 valorem
3012 2789 3309 2861 numeri
3372 2775 3478 2838 —2-
3532 2786 3969 2892 multiplum
4032 2787 4324 2866 formae

1165 2927 1320 3027 (Am
1364 2946 1453 3008 -ι-
1485 2913 1644 3046 1)”
1574 2969 1678 2981 —
1721 2929 2013 3031 recipit,
2071 2923 2443 3002 variabilis
2460 2953 2532 3025 y
2572 2924 2867 3001 obtinet
2906 2921 3195 3001 valores
3234 2869 3575 3003 absolute
3616 2929 4006 3017 maximos,
4066 2940 4141 3003 et
4177 2955 4323 3032 pro

1166 3062 1534 3167 multiplis
1608 3065 1898 3141 formae
1948 3067 2020 3163 (ά
2037 3085 2210 3146 ηι-Ι-
2227 3068 2293 3164 3)
2319 3104 2464 3181 —-‚
2520 3061 2811 3139 valores
2859 3061 3205 3139 absolute
3256 3065 3633 3138 minimos.
3730 3064 3939 3137 Dum
3977 3092 4161 3141 vero
4203 3094 4325 3142 va-

1171 3198 1450 3277 riabilis
1515 3230 1574 3275 x
1637 3202 1813 3275 inde
1879 3201 1973 3274 ab
2039 3184 2297 3303 aliquo
2366 3202 2599 3304 ipsius
2654 3230 2708 3274 π·
2775 3197 3128 3301 multiplo
3199 3228 3430 3272 =n⁷t
3492 3226 3737 3301 usque
3790 3198 3885 3273 ad
3934 3202 4323 3304 (n÷÷)·n·

1167 3340 1455 3427 crescit,
1511 3340 1942 3413 membrum
1993 3338 2439 3428 secundum,
2494 3352 2717 3441 puta:
2786 3365 2825 3409 c
2878 3338 2992 3411 sin
3028 3362 3176 3437 px,
3235 3335 3527 3411 obtinet
3564 3364 3617 3437 p
3650 3336 3943 3413 vicibus
3985 3336 4321 3415 valorem

1165 3502 1392 3550 suum
1453 3479 1866 3551 maximum
1933 3479 2430 3553 minimumve
2497 3474 2814 3576 (valeres
2870 3477 3255 3575 negativos
3305 3472 3432 3547 hie
3474 3474 3797 3549 minores
3839 3502 4071 3576 quam
4109 3478 4317 3579 posi-

1165 3615 1356 3689 tivos
1397 3612 1896 3717 accipiendo),
1957 3640 2114 3713 quo
2167 3613 2276 3703 fit,
2334 3627 2423 3687 ut
2474 3616 2756 3688 interea
2809 3614 3035 3687 etiam
3084 3613 3241 3713 ipsa
3286 3638 3343 3711 y
3393 3608 3683 3687 valores
3732 3611 4038 3688 relative
4078 3617 4316 3711 maxi-7

1165 3776 1328 3825 mos
1384 3764 1458 3825 et
1509 3753 1896 3839 minimos,
1971 3774 2252 3851 eosque
2306 3775 2605 3853 semper
2674 3750 3079 3849 positivos‚
3162 3748 3343 3848 quia
3405 3776 3452 3819 a
3488 3750 3777 3847 >(b-1-
3806 3753 3902 3849 c),
3972 3753 4310 3854 recipiat,

1165 3884 1368 3961 unde
1431 3884 1716 3960 valores
1783 3890 2161 3987 negativos
2239 3885 2671 3987 quantitatis
2738 3911 2778 3955 c
2816 3886 2933 3959 sin
2976 3912 3107 3985 px
3170 3904 3527 3986 tanquam
3590 3888 3917 3963 minores
3980 3901 4317 3990 spectare

1162 4020 1403 4099 licuit.
1463 4022 1716 4100 Curva
1765 4050 1901 4127 per
1956 4025 2481 4124 aequationem
2512 4050 2584 4122 y
2606 4056 2697 4090 =
2719 4051 2767 4094 a
2792 4042 2880 4103 -1-
2904 4025 2945 4095 b
2996 4022 3111 4096 sin
3149 4042 3321 4103 x÷
3344 4050 3384 4095 c
3434 4024 3548 4099 sin
3590 4050 3719 4125 px
3768 4038 4326 4126 repraesentata·

1165 4162 1362 4235 circa
1409 4160 1688 4237 lineam
1737 4161 2080 4236 distantia
2143 4190 2192 4233 a
2257 4160 2350 4235 ab
2422 4148 2563 4233 axe
2628 4159 3119 4235 abscissarum
3196 4188 3259 4235 x
3324 4172 3691 4235 remotam
3739 4187 4043 4238 sursum
4097 4163 4313 4239 deor-

1163 4323 1486 4399 sumque
1537 4314 1810 4402 serpet,
1867 4326 2164 4401 semper
2213 4298 2479 4383 eodem
2529 4294 2755 4375 modo
2812 4294 3152 4373 oscillans
3194 4297 3296 4373 ob
3347 4299 3756 4372 terminum
3806 4325 3846 4373 c
3872 4302 3985 4375 sin
4002 4326 4151 4400 px.

1247 4669 1354 4755 (ί)
1443 4670 1584 4731 Huc
1625 4670 1811 4731 etiam
1851 4692 2019 4731 casus
2059 4672 2327 4755 pertinet
2344 4719 2362 4751 ,
2408 4652 2531 4757 quo
2576 4621 2767 4737 factet
2806 4672 3031 4758 aliquis
3070 4670 3259 4734 semel
3298 4668 3719 4733 tantummodo
3760 4669 3940 4732 adest.

1249 4772 1352 4857 (⁸)
1441 4776 1622 4839 conf.
1667 4795 1850 4859 supra
1889 4789 2007 4837 art.
2035 4778 2210 4851 11‚1.
