4742 5950
2656 397 2713 486 8

1106 625 1454 702 dentibus
1505 624 1816 697 mixtam
1869 622 2271 696 contineat.
2353 614 2651 712 Quodsi
2704 617 2959 717 itaque
3007 641 3050 688 z
3102 611 3537 689 variabilem
3588 610 4142 717 dependentem
4191 625 4267 687 et

1099 787 1230 858 x„
1261 790 1391 856 x„
1434 817 1453 836 .
1480 818 1497 837 .
1523 815 1540 836 .
1566 817 1582 834 .
1615 787 1708 846 x„
1770 757 2354 861 inde-pendentes
2410 753 2840 855 designant,
2924 752 3069 828 erit
3240 853 3249 864 Ι

1101 900 1348 976 forma
1399 896 1784 1003 explicita:
2123 955 2128 960 .
2275 919 2317 966 z
2369 923 2462 962 =
2508 895 2594 966 F
2642 892 2804 990 (πμ
2845 916 2975 984 x„
3013 939 3208 963 .....
3240 890 3377 987 πω)
3784 886 3849 959 Ι.

1099 1038 1347 1113 forma
1400 1048 1655 1109 autem
1703 1029 2102 1133 implicitat
2275 1051 2314 1101 ο
2363 1061 2456 1098 ==
2505 1037 2563 1100 Φ
2618 1029 2722 1125 (z,
2762 1053 2894 1120 x„
2932 1053 3063 1118 x„
3112 1078 3310 1099 .....
3342 1027 3480 1123 σευ)
3786 1023 3889 1097 Π.

1353 1172 1742 1267 Quoniam
1808 1165 2071 1243 relatio
2137 1168 2337 1239 inter
2405 1193 2447 1238 z
2498 1169 2577 1238 et
2638 1189 2767 1256 x„
2823 1189 2954 1256 x„
3007 1215 3204 1236 .....
3247 1151 3341 1249 at„
3406 1185 3499 1234 eo
3547 1160 3775 1235 modo
3839 1172 4266 1264 comparata

1101 1336 1257 1387 esse
1309 1321 1581 1413 potest,
1641 1319 1729 1380 ut
1779 1306 2252 1408 expressione
2304 1302 2514 1376 finita
2561 1299 2859 1376 functio
2912 1297 3253 1374 exhiberi
3304 1310 3655 1401 nequeat,
3713 1294 3971 1371 licebit
4010 1298 4263 1384 etiam,

1099 1449 1424 1523 formam
1459 1445 1562 1518 II.
1628 1457 1991 1544 tanquam
2058 1437 2482 1543 generalem
2548 1439 2881 1514 cuiusvis
2949 1435 3368 1524 functionis
3420 1432 3831 1540 analyticae
3893 1446 3969 1508 et
4022 1433 4268 1508 conti-

1101 1610 1298 1658 nuae
1360 1585 1791 1656 enunciare.

1354 1720 1706 1820 Denique
1766 1743 1943 1791 cum
2010 1717 2326 1789 istarum
2388 1711 2876 1786 functionum
2942 1735 3127 1785 usus
3189 1723 3609 1785 ceterarum
3672 1734 3821 1782 usu
3874 1704 4119 1782 multo
4168 1710 4267 1782 sit

1101 1857 1603 1959 frequentior,
1661 1832 1832 1926 illae
1882 1853 1962 1924 in
2014 1854 2362 1924 universa
2404 1847 2720 1924 mathesi
2761 1847 3193 1922 functiones
3234 1843 3672 1950 simpliciter
3731 1846 4104 1920 nominari
4144 1869 4265 1920 so-

1102 1993 1286 2080 lent,
1345 2018 1576 2093 quem
1624 2014 1917 2064 morem
1970 1990 2225 2086 itaque
2275 1987 2354 2058 in
2409 1998 2801 2088 posterum
2854 2010 3288 2086 sequemur.

2634 2228 2721 2315 2.

1355 2399 1576 2496 Quae
1637 2401 1835 2474 circa
1895 2395 2389 2470 functionum
2436 2408 2784 2469 naturam
2834 2407 2909 2467 et
2962 2390 3355 2467 relationes
3406 2391 3693 2466 institui
3747 2405 4067 2494 possunt
4116 2389 4265 2465 dis·-

1102 2533 1544 2640 quisitiones
1568 2592 1585 2622 ,
1669 2534 2056 2610 obiectum
2121 2531 2486 2608 exhibent
2544 2533 2939 2606 universae
2993 2527 3353 2634 analysi83
3436 2553 3631 2630 quae
3692 2541 3947 2601 autem
4004 2552 4265 2603 revera

1101 2676 1482 2748 institutae
1537 2685 1614 2745 et
1659 2669 2158 2747 instituendae
2213 2671 2362 2745 sint
2384 2724 2403 2757 ,
2461 2665 2633 2741 inde
2682 2670 3116 2771 praesertim
3165 2665 3443 2770 pendet
3462 2720 3484 2751 ‚
3542 2679 3913 2767 quatenus
3972 2665 4054 2737 in
4104 2661 4269 2738 aliis

1101 2811 1328 2885 rebus
1381 2808 1922 2884 mathematicis
1991 2820 2065 2880 et
2113 2804 2445 2909 physicis
2510 2807 2683 2879 usui
2738 2831 2896 2878 esse
2950 2816 3292 2905 possunt.
3386 2802 3587 2876 Hinc
3638 2828 3731 2876 ex
3778 2801 3987 2876 hisce
4037 2803 4263 2876 innu-

1100 2950 1326 3022 ineris
1390 2946 1811 3048 disquisitio
1879 2941 1971 3017 de
2037 2940 2485 3015 differentiis
2544 2939 2867 3013 duarum
2930 2938 3420 3013 functionum
3482 2936 3897 3013 earundem
3946 2937 4265 3015 variabi-

1102 3083 1332 3168 lium,
1415 3087 1568 3155 sive
1587 3136 1606 3166 ‚
1689 3079 1898 3180 quod
1948 3079 2148 3151 idem
2200 3090 2335 3163 est,
2420 3088 2792 3177 quatenus
2851 3073 3078 3149 altera
3131 3073 3429 3151 functio
3488 3071 3577 3146 ad
3628 3070 3936 3148 alteram
3989 3102 4264 3179 appro-

1102 3223 1452 3325 pinquet,
1510 3242 1666 3289 non
1719 3213 2078 3288 ultimum
2127 3212 2443 3287 fortasse
2494 3212 2755 3286 locum
2808 3211 3125 3301 obtinet,
3182 3214 3471 3314 quippe
3524 3213 3743 3286 cuius
3786 3216 4137 3287 materiae
4181 3215 4261 3287 in

1101 3356 1504 3457 geometria
1553 3351 1868 3453 aliisque
1921 3348 2328 3452 disciplinis
2379 3348 2738 3452 frequens
2788 3362 2899 3423 est
2952 3363 3161 3423 usus.
3218 3394 3353 3403 ——-
3426 3346 3649 3443 Quae
3698 3374 3879 3422 cum
3928 3352 4026 3423 ita
4081 3352 4256 3440 sint,

1103 3517 1564 3595 quamquam
1617 3488 1708 3563 de
1755 3486 1986 3563 huius
2033 3491 2391 3561 'materiae
2442 3485 2751 3589 singulis
2810 3484 3153 3588 partibus
3170 3540 3189 3573 ,
3260 3486 3662 3589 praecipue
3728 3484 3937 3587 quod
3997 3478 4263 3561 attinet

1103 3628 1192 3721 ad
1241 3656 1467 3705 usum
1505 3644 1766 3703 earum
1808 3626 2387 3726 geometricum,
2446 3626 2720 3699 summi
2766 3621 3269 3696 mathematici
3313 3624 3611 3694 iamiam
3654 3638 4000 3723 egerunt,
4056 3622 4261 3697 haud

1101 3764 1371 3841 inutile
1445 3780 1696 3837 tamen
1757 3759 2057 3833 videtur
2077 3813 2100 3847 ,
2179 3756 2541 3833 methodo
2608 3755 2932 3858 generali
2994 3760 3147 3833 sive
3212 3782 3417 3831 mere
3482 3754 3849 3861 analytice
3914 3758 4260 3866 (analysis

1101 3906 1302 3979 enim
1335 3914 1446 3975 est
1485 3900 1877 3973 universae
1910 3892 2260 3971 mathesis
2296 3922 2467 3999 pars
2509 3892 2897 3997 generalis)
2948 3920 3112 3968 rem
3161 3896 3377 3969 istam
3432 3897 3914 3998 perscrutari.
4024 3896 4259 3992 Quod

1105 4066 1284 4115 cum
1333 4040 1430 4114 sit
1480 4035 1882 4137 hucusque
1921 4062 1963 4107 a
2004 4035 2305 4109 nemine
2343 4031 2660 4120 factum,
2715 4044 3064 4107 nostrum
3102 4058 3310 4108 nunc
3354 4034 3449 4107 sit
3488 4034 3953 4123 institutum3
4010 4016 4260 4139 prius-

1109 4201 1340 4279 quam
1405 4184 1661 4246 autem
1708 4172 1800 4245 ad
1851 4196 2013 4246 rem
2061 4173 2297 4275 ipsam
2345 4168 2700 4273 progredi
2752 4166 2929 4244 licet
2948 4223 2969 4258 ,
3038 4183 3421 4244 momenta
3472 4169 3840 4271 quaedam
3892 4170 4257 4275 generalia

1040 4408 1048 4416 ¹
1099 4311 1429 4388 indicare
1481 4310 1713 4385 iuvat.

1353 4444 2186 4551 Appropinquationem
2238 4445 2562 4519 duarum
2611 4445 3099 4521 functionum
3148 4472 3329 4519 cum
3368 4471 3592 4521 nemo
3635 4446 3926 4521 dubitet
3966 4472 4058 4522 eo
4099 4474 4255 4521 ma-

1101 4582 1676 4673 iorem-dicere,
1762 4610 1921 4685 quo
1981 4584 2310 4659 minores
2371 4585 2522 4657 sint
2572 4581 3041 4657 differentiae
3094 4585 3294 4657 inter
3346 4581 3527 4659 duas
3576 4581 3739 4657 illas
3791 4580 4251 4673 functiones,

1101 4725 1182 4798 in
1246 4720 1558 4824 gradum
1617 4721 2368 4824 appropinquationis
2428 4722 2751 4796 maxime
2811 4719 3361 4843 inquirendurq
3412 4720 3557 4793 erit
3576 4774 3597 4807 ,
3669 4746 3755 4793 ac
3814 4722 4257 4823 praesertim

1103 4863 1184 4933 in
1236 4858 1729 4949 conditiones,
1785 4856 2064 4959 quibus
2121 4883 2460 4932 summus
2483 4911 2504 4944 ‚
2571 4880 2803 4958 quem
2847 4853 3028 4933 licet
3078 4858 3473 4958 attingere,
3552 4856 3823 4959 gradus
3876 4859 4261 4933 contines«
