4742 5950
2616 378 2727 468 10

971 581 976 586 ’
1093 603 1598 704 inquiramus3
1663 596 1818 674 duo
1869 609 2120 672 autem
2169 594 2489 699 reliqua,
2556 620 2753 697 quae
2802 597 2883 668 in
2930 593 3074 672 hac
3122 594 3641 698 disquisitione
3690 601 4019 702 proponi
4074 623 4251 703 pos-

1097 753 1300 828 sunt,
1355 734 1848 842 problemata,
1899 731 2248 810 videlicet
2297 732 2655 810 alterum:

1303 875 1470 951 data
1508 888 1834 976 utraque
1881 871 2278 958 functione
2321 869 2491 946 illos
2543 869 3213 974 independentium
3249 867 3541 948 valores
3590 875 3765 975 (pro
3800 873 4079 975 quibus
4112 876 4256 950 sci·

1299 1011 1478 1088 licet
1527 1013 2072 1116 approximatio
2126 1006 2391 1084 locum
2437 1007 2717 1082 habere
2768 1006 3018 1107 debet)
3068 1007 3441 1110 indagare,

1099 1163 1174 1224 et
1223 1152 1577 1224 tertium:

1301 1286 1777 1359 functionem
1828 1308 2216 1385 quaerere,
2273 1308 2471 1384 quae
2508 1282 2602 1355 ad
2638 1279 3141 1384 dependentes
3174 1308 3215 1355 e
3250 1282 3649 1356 functione
3687 1283 4035 1384 quadam,
4092 1259 4259 1362 data

1305 1421 1437 1498 sed
1489 1435 1688 1496 certa
1737 1419 1902 1521 lege
1954 1423 2280 1495 variante
2299 1475 2320 1508 ,
2382 1421 2913 1524 provenientes
2961 1421 3303 1522 proxime
3354 1419 3695 1507 accedat,
4140 1523 4155 1532 θ

1100 1557 1367 1635 leviter
1415 1572 1715 1634 tantum
1763 1559 2383 1660 perstringamus3
2452 1583 2546 1632 ex
2604 1555 2835 1632 altera
2898 1559 3101 1632 enim
3161 1570 3374 1660 parte
3430 1556 3694 1632 iisdem
3750 1557 4260 1636 fundamentis

1100 1699 1456 1772 nituntur
1473 1753 1494 1786 ,
1565 1723 1658 1771 ex
1709 1693 1938 1770 altera
1989 1707 2278 1782 autem,
2355 1698 2538 1796 quia
2586 1695 3073 1796 aequationes
3128 1693 3603 1769 sublimiores
3652 1695 3933 1770 directe
3986 1693 4260 1773 resolvi

1101 1848 1526 1936 nequeunt,
1585 1847 1661 1907 et
1711 1831 1813 1906 ob
1863 1831 2155 1905 defecta
2203 1829 2475 1905 calculi
2532 1829 2911 1932 integralis
2955 1834 3253 1907 invictis
3304 1830 3861 1908 difficultatibus
3900 1861 4261 1936 premun-

1099 1984 1256 2044 tur.
1365 1969 1787 2046 Conveniet
1835 1970 2147 2070 insuper
2198 1967 2583 2043 brevitatis
2637 1971 2895 2070 gratia,
2950 1965 3452 2058 functionem,
3510 1997 3705 2071 quae
3756 1974 3835 2046 in
3886 1975 4135 2074 primo
4190 1988 4265 2048 et

1101 2104 1438 2182 secundo
1497 2103 1966 2207 problemate
2030 2119 2393 2207 tanquam
2440 2105 2611 2179 data
2658 2106 3151 2210 supponitur,
3220 2108 3649 2194 absolutam,
3718 2105 4029 2182 alteram
4076 2133 4260 2184 vero

1100 2249 1747 2346 approximantem,
1802 2241 2094 2317 valeres
2139 2239 2407 2316 deinde
2454 2241 3149 2345 independentium,
3202 2270 3347 2346 pro
3391 2244 3675 2346 quibus
3716 2249 4263 2348 approximatio

1102 2383 1499 2482 quaeritur
1513 2437 1536 2470 ,
1591 2381 1873 2452 valor-es
1915 2405 2050 2479 pro
2099 2384 2709 2479 approximatione
2759 2377 3133 2481 appellare
3150 2435 3173 2468 ‚
3241 2392 3469 2481 atque
3518 2380 3997 2456 functionem
4046 2383 4263 2457 abso·

1098 2513 1340 2590 lutam
1404 2495 1698 2619 semper
1759 2541 1898 2618 per
1945 2512 2274 2590 litteram
2298 2517 2387 2616 J}
2452 2516 3099 2619 approximantem
3153 2542 3334 2590 vero
3389 2542 3526 2619 per
3585 2514 3914 2594 litteram
3966 2537 4019 2616 φ
4068 2518 4262 2594 indi-

1103 2680 1300 2741 care,
1355 2655 1581 2752 signis
1633 2649 2110 2725 variabilium
2159 2650 2280 2725 vel
2333 2655 2621 2726 omissis
2666 2649 2818 2741 vel,
2873 2664 3107 2754 prout
3154 2679 3349 2754 opus
3400 2666 3536 2741 est,
3592 2651 4008 2756 adscriptis..

1355 2787 1464 2862 Ut
1533 2785 1894 2888 denique,
1976 2786 2186 2887 quod
2247 2786 2340 2858 ad
2406 2785 2824 2889 principale
2872 2799 3219 2861 nostrum
3266 2785 3659 2891 problema
3708 2793 4009 2879 attinet,
4076 2793 4261 2898 divi—

1101 2928 1348 3002 siones
1410 2937 1832 3001 statuantur
1895 2923 2387 3010 necessariae,
2460 2924 2783 2997 maxime
2842 2919 3311 2997 discernendi
3374 2938 3597 2998 erunt
3652 2925 3809 3000 duo
3872 2927 3952 3003 hi
4017 2956 4255 3021 casus,

1103 3064 1384 3166 quibus
1433 3062 1733 3135 functio
1781 3062 2114 3159 quaesita

1170 3240 1179 3248 -
1305 3195 1430 3273 vel
1489 3198 1562 3297 1)
1607 3221 1751 3299 pro
1805 3193 2118 3296 singulis
2171 3193 2587 3270 discretis
2640 3194 3304 3298 independentium
3354 3194 3776 3289 valoribus,
3846 3246 3855 3255 -

1301 3330 1428 3409 vel
1483 3336 1564 3433 2)
1616 3359 1759 3436 pro
1797 3331 2212 3408 omnibus
2254 3358 2517 3407 earum
2553 3329 2965 3422 valoribus,
3022 3336 3159 3437 qui
3212 3337 3408 3410 inter
3454 3333 3789 3411 limites
3836 3340 4264 3439 quosdam

1237 3518 1242 3527 ·
1302 3472 1623 3545 inveniri
1661 3483 2004 3573 possunt,
2058 3473 2104 3543 i.
2127 3498 2189 3547 e.
2226 3496 2370 3574 pro
2414 3496 2677 3561 earum
2708 3469 3059 3545 valorum
3097 3470 3731 3575 complexione
3786 3480 4257 3570 continua,

1104 3611 1622 3714 approximare
1646 3606 1906 3697 debet3
1946 3602 2238 3709 illoque
2273 3635 2453 3683 casu
2490 3635 2753 3683 rursus
2790 3608 3400 3709 distinguendum
3434 3612 3605 3699 erit,
3635 3626 3869 3714 prout
3894 3616 4264 3719 cuiusque

1103 3747 1670 3851 independentis
1709 3740 1834 3818 vel
1867 3768 2071 3818 unus
2108 3739 2230 3818 vel
2272 3742 2531 3846 plures
2568 3741 2857 3819 valores
2899 3770 3043 3848 pro
3080 3748 3730 3849 approximatione
3770 3750 3920 3824 dati
3962 3767 4166 3827 sunt.

1357 3882 1646 3956 Poterit
1703 3880 1927 3954 etiam
1986 3906 2080 3954 ex
2139 3905 2459 3956 numero
2520 3885 3029 3957 constantium
3092 3883 3655 3959 arbitrariamm
3716 3900 3793 3961 et
3848 3888 4261 3969 functionis

1109 4018 1702 4121 approximantia
1767 4016 2029 4092 ordine
2082 4017 2579 4093 distinctionis
2627 4021 3090 4124 principium
3138 4024 3335 4124 peti,
3406 4050 3651 4125 quum
3708 4022 3930 4101 facile
3978 4032 4266 4133 perspi-

1005 4168 1010 4174 '
1115 4158 1356 4231 ciatur
1373 4210 1393 4243 ,
1466 4154 1914 4230 differentias
1977 4157 2175 4231 inter
2231 4153 2625 4231 variabiles
2685 4154 3025 4234 relativas
3078 4162 3386 4234 caeteris
3436 4162 3745 4263 paribus
3798 4190 3890 4238 eo
3939 4168 4265 4243 minores

1109 4291 1322 4367 reddi
1375 4318 1632 4397 posse,
1691 4319 1848 4396 quo
1899 4290 2153 4395 plures
2202 4294 2447 4369 adsint
2496 4297 2946 4402 quantitates
2994 4297 3593 4374 determinandae
3612 4355 3633 4390 ,
3700 4326 4013 4404 quoque
4064 4304 4265 4379 simi-

1107 4429 1332 4505 liores
1385 4433 1534 4506 sint
1583 4428 1873 4505 formae
1921 4430 2318 4506 ambarum
2365 4431 2879 4509 functionum.

1363 4566 1562 4643 Cum
1615 4592 1807 4643 vero
1870 4571 2142 4672 prioris
2193 4569 2690 4647 distinctionis
2736 4570 3317 4648 fundamentum
3362 4576 3665 4649 maioris
3728 4576 3824 4650 sit
3870 4580 4262 4667 momenti,

1115 4730 1281 4781 eam
1328 4707 1584 4809 potius
1634 4708 1715 4778 in
1769 4705 2290 4810 disquisitione
2341 4709 2797 4787 instituenda
2850 4708 3395 4821 adhibebimus.
3468 4809 3501 4824 -
