4742 5950
1974 401 2092 500 45

439 629 871 738 capitalium
951 629 1368 708 functionis
1451 629 1880 731 absolutae,
1927 687 1944 700 .
1962 633 2028 707 si
2108 644 2433 733 utraque
2512 628 2807 706 functio
2884 629 3124 706 nihilo
3206 647 3599 735 aequatur,

429 792 624 908 esse
646 789 892 874 posse
1002 761 1426 856 Theoi-etna
1471 766 1698 844 ⁷vero·
2478 771 2487 778 “
2876 771 2885 778 ’

429 941 476 962 ··
543 931 550 937 ·
585 925 596 962 -'
637 902 1074 1008 designante
1109 909 1296 1008 -f—
1207 931 1300 956 -·⁴-
1327 927 1368 978 o
1419 899 1952 1007 aequationem
2013 905 2375 981 duarum
2390 881 2885 981 ·variabilium
2934 904 3428 1008 algebraicam
3474 916 3615 981 or-

429 1092 436 1100 ·
561 1068 566 1074 ·
637 1033 832 1118 dinis
879 1043 1012 1131 πᾶ,
1095 1039 1288 1118 hanc
1347 1041 1656 1118 'nullum
1722 1042 2024 1116 habere·
2059 1042 2379 1118 limitem
2422 1045 2597 1115 sive
2662 1047 2919 1146 potius
2982 1043 3457 1117 functionem
3505 1041 3599 1118 li-

641 1183 1058 1278 mitantem,
1107 1177 1228 1254 vel
1267 1206 1580 1254 curvam
1621 1178 1764 1254 bac
1805 1183 2252 1280 aequatione
2293 1205 2723 1282 expressam
2760 1179 3007 1254 nullas
3044 1179 3317 1254 habere
3354 1205 3599 1285 asym-

495 1337 502 1345 ·
637 1331 882 1420 ptotas
891 1373 924 1416 ,
992 1319 1322 1419 quoties·
1355 1313 1804 1420 complexus·
1849 1319 2353 1396 terminorum
2405 1324 2531 1392 nm
2552 1359 2559 1366 ·
2584 1315 3059 1418 (altissimae)
3124 1317 3598 1394 dimensionis

639 1457 719 1527 in
772 1454 1094 1528 factores
1146 1452 1380 1528 reales
1433 1445 1706 1530 resolvi
1757 1469 2110 1556 nequeat,

436 1588 535 1666 cl.
563 1589 878 1692 Euler(¹
895 1595 924 1692 )
969 1618 1052 1664 ea
1095 1587 1726 1666 demonstratione
1767 1583 2094 1668 stabilire
2132 1589 2407 1682 voluit,
2464 1608 2580 1683 ut,
2636 1577 3056 1698 suppositO,
3116 1586 3598 1696 complexum

435 1729 936 1804 terminorum
1003 1735 1131 1802 nm
1211 1729 1695 1805 dimensionis
1776 1728 2161 1857 involvere
2237 1757 2395 1806 non
2461 1730 2643 1806 alios
2709 1731 3029 1806 factores
3096 1733 3239 1805 nisi
3305 1731 3596 1806 formae

433 1863 639 1938 ιιέιῑ2
673 1887 822 1938 —2
871 1870 962 1940 ab
1015 1894 1156 1962 ,κγ
1207 1861 1777 1965 c'osxfliflssb‘y‘*
1774 1922 1796 1957 ,
1854 1892 1942 1942 ac
1960 1863 2389 1944 statuendo
2444 1886 2576 1943 aut
2625 1893 2685 1942 x
2738 1878 2868 1942 aut
2900 1895 2973 1966 y
3008 1880 3139 1940 aut
3189 1881 3593 1970 utramque

433 2033 525 2068 =
559 2029 641 2072 00
663 2056 684 2088 ,
765 2002 1070 2076 termini
1130 2000 1666 2104 istit-capitales
1708 1999 1832 2077 *el
1859 2003 2021 2076 '00⁴²·
2059 1967 2204 2078 nel-
2241 2007 2477 2080 immo
2532 2003 2829 2078 altiores
2868 2015 3267 2106 potestates
3320 2002 3595 2077 infiniti

431 2134 935 2226 includerent,
995 2165 1194 2240 quae
1229 2165 1382 2218 nee.
1411 2141 1568 2240 ipsi.
1593 2137 1889 2216 infinito
1921 2139 2038 2238 (²)
2089 2167 2234 2217 nee
2275 2138 2517 2214 nihilo
2559 2139 2902 2240 aequales
2938 2167 3093 2214 esse
3129 2153 3461 2243 possent.

683 2274 980 2349 Verum
1031 2277 1254 2362 enim,
1285 2301 1482 2364 vero
1520 2289 1776 2364 nostra
1827 2275 2138 2376 quidem
2189 2279 2547 2380 opinione
2603 2274 2787 2351 haee
2852 2275 3382 2350 demonstratio
3434 2301 3591 2348 non

431 2411 640 2483 omni
688 2413 936 2514 rigore
985 2411 1288 2512 gaudet,
1350 2383 1528 2484 cum
1577 2409 1792 2485 valde
1839 2415 1933 2486 sit
1980 2411 2483 2487 dubitandum
2504 2469 2524 2499 ,
2584 2442 2678 2486 an
2730 2413 2821 2487 de
2871 2411 3367 2517 potestatibus
3419 2410 3589 2485 infi-

427 2548 568 2620 niti
622 2547 887 2620 eodem
937 2519 1165 2622 modo
1219 2574 1376 2647 quo
1431 2547 1523 2620 de
1576 2548 2120 2648 quantitatibus
2143 2607 2165 2639 ,
2235 2575 2432 2652 quae
2481 2553 2785 2654 proprie
2835 2550 3229 2640 dicuntur,
3287 2553 3445 2624 sive
3494 2549 3590 2624 de

430 2683 968 2784 quantitatibus
1033 2683 1258 2758 finitis
1325 2681 1542 2784 loqui
1605 2681 1873 2762 liceat..
1973 2686 2182 2760 Hinc
2251 2690 2795 2764 accuratiorem
2855 2686 3053 2764 hanc
3119 2687 3590 2762 adstruamus

427 2819 908 2895 theorematis
961 2823 1328 2964 propositi
1386 2765 2166 2895 demonstrationem.

679 2959 938 3032 Primo
985 2960 1214 3061 patet,
1227 2953 1746 3034 functionem
1771 2959 1866 3061 f,
1943 2962 2005 3035 si
2069 2971 2224 3035 tota
2286 2988 2423 3064 per
2484 2953 2808 3035 formam
2858 2961 3081 3065 primi
3124 2958 3405 3063 gradus
3454 2987 3588 3035 ax

424 3098 577 3177 ÷b
592 3115 826 3193 y÷e
875 3092 1274 3169 divisibilis
1309 3108 1556 3183 esset,
1578 3093 1960 3173 valoiem
2009 3094 2288 3173 realem
2341 3100 2575 3201 ipsius
2593 3126 2661 3199 y
2696 3126 2841 3203 pro
2889 3095 3289 3198 quolibet‘
3268 3101 3501 3201 ipsius
3526 3122 3588 3171 x

427 3230 926 3334 suppeditare,
986 3232 1166 3332 quia
1215 3234 1564 3333 aequatio
1627 3324 1636 3333 .

1610 3363 1658 3405 a
1683 3362 1744 3406 x
1778 3356 1866 3416 -ι-
1903 3326 2023 3433 ‘by
2058 3357 2146 3417 -ι-
2180 3364 2345 3407 ο-
2255 3390 2344 3404 -
2381 3320 2466 3409 o

425 3466 651 3544 talem
704 3467 1034 3572 praebet.
1145 3465 1383 3541 Cuius
1437 3490 1634 3550 vero·
1663 3468 1826 3540 bini
1889 3472 2186 3541 termini
2247 3498 2296 3539 a
2319 3496 2381 3541 x
2415 3488 2505 3549 -ι-
2544 3473 2664 3566 by
2729 3482 2913 3541 tunc
2975 3470 3195 3541 etiam
3264 3468 3585 3545 factores

425 3619 604 3687 sunt
651 3603 1094 3707 complexus
1159 3605 1664 3683 terminorum
1715 3611 1814 3677 nm
1815 3604 2390 3697 dimensionis
2458 3604 2873 3680 functionis
2916 3606 2995 3705 f
3038 3606 3311 3707 (quem
3378 3632 3582 3682 com-

424 3742 738 3848 plexum
786 3742 1167 3817 brevitatis
1221 3744 1452 3841 gratia
1500 3746 1883 3817 membrum
1933 3768 2286 3817 summum
2327 3740 2701 3845 appellare
2740 3740 3079 3841 licebit),
3110 3726 3117 3733 ¹
3158 3744 3287 3815 uti·
3323 3739 3583 3817 multi-

424 3876 774 3985 plicando
825 3879 1152 3954 formam
1203 3877 1657 3982 completam
1704 3878 1984 3955 ordinis
2035 3877 2348 3979 (n—1)“‘
2390 3892 2469 3953 et
2518 3880 2710 3953 duos
2747 3878 3135 3955 variabiles
3192 3876 3581 3953 includen-

423 4031 578 4093 tem
627 4044 771 4119 per
820 4015 1186 4091 factorem
1235 4044 1280 4087 a
1305 4022 1544 4097 :tq-‘b
1559 4034 1732 4115 y-ff-
1756 4024 1849 4103 c,
1877 4013 2098 4089 facile
2145 4006 2614 4117 intelligitur.
2722 4014 3019 4110 Quodsi
3062 4016 3293 4119 igitur
3344 4039 3579 4088 mem-

423 4156 655 4229 brum
701 4179 1084 4227 summum
1123 4178 1281 4226 non
1326 4154 1470 4225 nisi
1509 4152 1922 4227 factoribus
1963 4154 2415 4254 imaginariis
2459 4165 2773 4239 constat,
2839 4165 3046 4226 certo
3088 4132 3313 4224 nulla¹
3334 4149 3582 4225 forma

425 4288 640 4366 realis
690 4291 914 4393 primi
977 4288 1242 4389 gradus
1273 4291 1588 4378 existit,
1663 4314 1816 4391 qua
1881 4302 2036 4363 tota
2096 4289 2393 4365 functio
2456 4292 2550 4364 sit
2606 4286 3025 4387 divisibilis,
3094 4314 3426 4390 ergoque
3487 4313 3581 4387 ex

425 4425 790 4504 eiusmodi
839 4424 1256 4502 factoribus
1307 4416 1566 4502 nullus
1615 4429 1847 4530 ipsius
1878 4454 1951 4528 y
2004 4406 2215 4508 v{ralor
2267 4425 2481 4503 realis
2530 4426 2801 4506 deduci
2854 4429 3155 4529 poterit.

509 4698 596 4780 (¹)
683 4695 1070 4757 Introductio
1111 4698 1180 4757 in
1221 4694 1520 4781 Analysin
1560 4680 1678 4755 ete.
1746 4696 1820 4755 P
1843 4694 1932 4755 Π.
1990 4714 2123 4777 cap.
2141 4696 2272 4754 VII.
2313 4694 2375 4776 S.
2402 4694 2540 4758 167.

509 4798 601 4883 (2)
685 4803 844 4861 Nam
885 4820 957 4861 eo
999 4820 1140 4861 casu
1181 4800 1248 4860 in
1290 4800 1645 4883 aequatione
1657 4802 1730 4877 f
1732 4815 1849 4859 τεο
1895 4799 2076 4881 plura
2115 4798 2486 4861 inferiorum
2526 4798 2818 4861 oudinum
2846 4798 3120 4860 memhra
3154 4796 3223 4857 in
3262 4793 3577 4857 infinitum

422 4904 592 4967 abire
631 4916 694 4965 et
736 4902 886 4965 hine
925 4903 1086 4987 ipsae
1126 4905 1536 4986 expressiones
1573 4904 1667 4964 uti
1708 4924 1804 4981 00,
1853 4901 1961 4965 00⁸
2011 4916 2124 4965 ete.
2179 4892 2332 4965 oriri
2378 4916 2655 4986 possunt.
