4742 5950
1969 335 2080 436 49

446 565 671 646 realis·
729 569 960 672 ipsius
1004 594 1076 666 y
1140 563 1354 642 valor
1427 589 1574 668 pro
1651 566 1824 640 satis
1903 567 2222 666 magnis
2267 563 2607 640 alterius'
2640 565 3015 643 variabilis
3076 573 3260 644 oriri
3327 587 3604 675 potest.

446 705 740 802 Quodsi
789 732 974 780 vero
1026 705 1513 805 aequationes
1570 705 1685 802 (3)
1741 728 2154 804 omnesque
2203 704 2292 776 iis
2345 701 2623 778 similes
2677 706 2835 778 no'n
2884 706 3031 778 nisi
3082 705 3377 783 valores
3426 713 3610 785 ima-

447 843 770 944 ginarios
820 839 1306 945 dependentis
1324 869 1394 942 y
1434 843 1778 968 gignunt,
1837 840 2102 915 eodem
2141 839 2368 914 modo
2412 840 2928 916 ratiocinando
2982 845 3353 944 sequitur,
3407 847 3615 925 valo-

441 1005 563 1054 res
601 981 1032 1080 quantitatis
1055 1007 1115 1052 x
1139 977 1262 1056 vel
1287 979 1335 1079 ξ
1355 963 1603 1052 tantos
1631 979 1865 1079 accipi
1895 1004 2140 1081 posse,
2164 981 2278 1050 ut
2316 976 2651 1053 valores
2628 981 2864 1082 ipsius
2878 1008 2940 1078 y
2978 1005 3237 1055 omnes
3280 1008 3369 1055 ex
3384 985 3613 1084 f-o

442 1119 630 1207 nati,
700 1113 792 1190 ad
843 1144 1178 1217 quorum
1229 1111 1648 1217 quemlibet
1697 1140 1898 1189 unus
1953 1139 2046 1188 ex
2095 1125 2493 1218 systemate
2546 1118 3109 1216 aequationum,
3188 1119 3613 1195 cuiusmodi

445 1269 624 1328 sunt
674 1256 875 1356 ipsae
927 1255 1065 1352 (3),
1120 1253 1705 1356 appropinquat,
1764 1265 1839 1324 et
1879 1252 2022 1354 ipsi
2065 1251 2249 1325 fiant
2285 1253 2730 1351 imaginarii,
2790 1277 3127 1354 ergoque
3168 1253 3260 1327 ad
3294 1253 3613 1332 limitem

445 1387 676 1464 reales
727 1387 1018 1464 valores
1073 1380 1700 1494 suppeditantem'
1729 1387 2086 1462 accedere
2137 1403 2546 1490 nequeant,
2604 1388 2807 1464 unde
2855 1417 3003 1494 pro
3051 1386 3434 1468 valoribus
3483 1380 3611 1470 ei-

445 1528 702 1602 tremis
755 1525 1142 1602 absolutae
1190 1525 1566 1601 variabilis
1619 1527 1870 1601 existit
1903 1523 2220 1602 'functio
2271 1524 2366 1598 ad
2410 1505 2779 1602 eiusmodi
2818 1525 3297 1604 functionem
3336 1558 3610 1635 appro-

345 1759 350 1764 ·
445 1667 735 1740 ximans
787 1662 1024 1737 nulla.

697 1802 1200 1878 Ratiocinatio
1264 1801 1718 1905 praecedens
1783 1827 1876 1877 eo
1941 1803 2253 1891 nititur,
2337 1799 2549 1904 quod
2624 1804 2707 1876 in
2779 1800 3178 1878 functione
3266 1803 3611 1881 absoluta

438 1965 736 2014 summa
797 1951 1124 2042 potestas
1190 1941 1422 2042 ipsius
1472 1966 1534 2011 a:
1585 1937 1807 2026 adsit,
1865 1965 2062 2038 quae
2125 1954 2383 2013 contra
2441 1942 2503 2015 si
2555 1940 2874 2028 deesset,
2945 1937 3167 2015 facile
3229 1939 3611 2019 introduci

441 2078 720 2178 poterit
771 2074 1164 2178 ponendo:
1237 2101 1496 2150 x=x
1524 2101 1652 2150 cos
1689 2067 1766 2165 ψ
1803 2101 1969 2173 —y
1993 2078 2108 2149 sin
2147 2069 2558 2175 114y=oe
2596 2040 3004 2176 simp-‘by
3042 2103 3169 2151 cos
3210 2069 3312 2166 ψ,
3368 2079 3472 2152 ita
3522 2091 3611 2154 ut

446 2215 860 2288 coefficiens
903 2216 1137 2314 ipsius
1177 2221 1264 2284 x·
1323 2210 1618 2284 differat
1669 2239 1712 2283 a
1758 2210 2004 2301 ciffra;
2059 2211 2265 2285 unde
2307 2214 2597 2285 orietur
2648 2211 2947 2288 functio
2991 2211 3333 2288 absoluta
3370 2218 3611 2318 priori

446 2313 952 2452 aequivalens,
1011 2351 1297 2452 quippe
1346 2374 1544 2451 quae
1597 2347 1914 2433 eandem
1963 2374 2274 2450 curvam
2321 2361 2853 2450 repraesentat.
2926 2346 3397 2425 Generaliter
3446 2350 3613 2426 nul-

444 2483 610 2560 lum
661 2502 770 2560 est
823 2485 1170 2574 dubium,
1230 2489 1421 2587 quin
1470 2483 1600 2560 tali
1647 2485 2182 2562 substitutione
2220 2483 2446 2576 facta,
2500 2511 2647 2588 pro
2701 2484 3099 2562 functione
3152 2487 3610 2592 incompleta

447 2621 818 2726 completa
866 2623 1028 2697 erui
1080 2623 1346 2725 possit.

701 2897 1090 3003 Superest,
1160 2909 1253 2972 ut
1299 2895 1729 2987 methodus,
1797 2923 2029 2999 quam
2077 2894 2177 2972 cl.
2223 2893 2461 2972 Euler
2506 2895 2971 2973 theoremate
3012 2909 3153 2975 art.
3188 2901 3308 2972 15.
3366 2902 3603 2990 nisus,

445 3040 526 3111 in
578 3035 1104 3137 investigandis
1155 3038 1594 3139 asymptotis
1654 3034 2035 3124 adhibuit,
2108 3035 2457 3111 breviore
2508 3035 2821 3111 fortasse
2871 3037 3099 3110 modo
3151 3033 3603 3140 explicetur,

445 3200 606 3275 quo
668 3171 874 3248 facto
941 3170 1208 3247 deinde
1273 3198 1438 3245 eam
1505 3197 1684 3247 cum
1749 3170 1918 3263 illa,
1995 3198 2190 3275 quae
2256 3173 2781 3276 superioribus
2846 3170 3179 3248 articulis
3229 3177 3613 3277 proposita

447 3324 600 3401 est,
644 3276 1080 3414 comp'arare
1128 3307 1414 3383 licebit.

699 3445 1108 3521 Methodus
1162 3440 1337 3517 clai
1297 3470 1547 3517 issimi
1597 3445 1910 3529 autoris,
1967 3472 2120 3545 qua
2167 3444 2260 3516 ad
2301 3444 2710 3517 eruendam
2748 3444 3227 3517 functionem
3264 3450 3612 3548 approxi-

445 3598 778 3661 mantem
830 3608 926 3656 ex
982 3580 1397 3656 factoribus
1462 3578 1785 3656 membri
1852 3582 2128 3654 summi
2191 3581 2391 3655 inter
2440 3606 2519 3655 se
2572 3576 3093 3681 inaequalibus
3155 3581 3461 3673 utitur,
3514 3610 3608 3660 eo

447 3722 666 3810 redit,
719 3734 812 3794 ut
845 3732 1254 3821 quaeratur
1287 3716 1502 3792 limes
1539 3688 1884 3793 constans
1934 3720 2090 3793 sive
2141 3716 2423 3793 ordinis
2475 3716 2790 3806 nullius,
2847 3718 2938 3791 ad
2991 3741 3223 3821 quem
3270 3720 3609 3795 membra

449 3859 982 3961 subsequentia
1029 3856 1263 3930 divisa
1310 3881 1450 3958 per
1509 3851 1844 3956 reliquos
1895 3855 2218 3939 factores
2268 3856 2588 3929 membri
2640 3858 2917 3947 summi
2966 3855 3343 3944 accedant,
3400 3860 3607 3960 pos't-

448 4023 681 4100 quam
719 3995 1083 4069 divisione
1125 4006 1258 4066 aut
1292 3990 1922 4097 multiplicatione
1957 3995 2366 4067 necessaria
2405 4020 2545 4096 per
2579 4006 3023 4097 potestatem
3046 3992 3353 4066 factoris
3382 3998 3609 4096 primi

448 4132 721 4237 gradus
791 4159 916 4221 μω
946 4152 1028 4212 q..
1055 4160 1083 4203 v
1083 4158 1155 4229 y
1214 4128 1411 4203 facta
1463 4129 1554 4202 ad
1603 4130 2147 4205 dimensionem
2194 4128 2486 4206 nullam
2536 4131 2846 4204 reducta
2897 4144 3107 4217 sunt,
3186 4140 3275 4202 ut
3326 4130 3609 4205 eviten-

447 4286 576 4347 tur
625 4271 1133 4372 expressiones
1185 4270 1268 4341 in
1320 4264 1705 4341 infinitum
1755 4280 2238 4343 excurrentes
2289 4294 2386 4342 ex
2458 4264 2588 4340 illa
2653 4264 3017 4341 divisione
3080 4292 3221 4369 per
3277 4264 3609 4368 reliquos

448 4408 770 4485 factores
831 4420 1158 4484 orturae.

705 4542 821 4619 Sit
870 4540 1297 4616 membrum
1351 4567 1736 4617 summum
1783 4574 1874 4610 =
1783 4544 2001 4629 -,P
2074 4566 2365 4616 summa
2417 4543 2922 4617 terminorum
2969 4544 3129 4619 sive
3178 4542 3609 4675 membrum

455 4682 1403 4787 (n—1)‘“di1nensionis—=
1456 4686 1720 4787 Qetc„
1764 4682 2166 4819 “f-'’⁰22’'
2175 4682 2569 4763 ¹÷..a=P¹
2590 4684 2811 4785 ,ὀξ-
2819 4685 3050 4784 ¹÷bf
3064 4683 3249 4764 “²÷.
3252 4686 3598 4785 -Ι-·ὂ-ρί

456 4842 622 4917 etc„
653 4824 967 4900 deinde
947 4826 1180 4929 ipsius
1219 4828 1294 4899 P
1332 4822 1654 4901 factores
1677 4822 2050 4928 simplices
2076 4853 2197 4898 ax
2219 4868 2308 4883 —
2331 4783 2561 4925 hy,
2529 4854 2649 4899 aa:
2673 4870 2762 4884 —
2782 4782 2939 4924 ky,
2990 4877 3143 4899 .....
3192 4850 3313 4895 ax
3336 4866 3425 4883 -
3447 4792 3603 4928 By,

2920 4947 2995 5021 G
