4742 5950
1995 362 2052 456 9

455 601 607 666 tur.
715 586 924 664 Haec
973 598 1229 662 autem
1277 583 1746 686 investigatio
1793 585 1894 658 in⁸
1912 583 2116 686 vagis
2155 597 2606 672 versarctur,
2662 584 2809 660 nisi
2848 585 3096 660 statim
3135 599 3337 660 certa
3376 605 3605 689 quae-3

460 723 630 798 dam
691 721 956 800 relatio
1022 725 1222 797 inter
1279 718 1568 796 valores
1617 719 2283 827 independentium
2331 723 2735 823 utriusque
2785 719 3199 798 functionis
3250 735 3610 804 statuere-

455 874 608 936 tur.
716 860 1242 963 Quaecunque
1291 872 1546 934 autem
1591 871 1864 934 statuta
1913 860 2010 934 sit
2057 857 2352 947 relatio,
2410 856 2631 934 facile
2670 870 2902 962 patet,
2959 864 3475 962 quaestionem
3516 864 3609 939 ad

457 1025 714 1074 casum
767 1025 947 1074 eum
996 994 1524 1100 simpliciorem
1573 995 1836 1070 reduci
1887 1021 2136 1098 posse,
2183 1021 2364 1096 quo
2414 996 2537 1068 isti
2584 977 2873 1070 valores
2926 999 3007 1070 in
3054 1009 3379 1100 utraque
3429 999 3609 1076 fun-

457 1138 708 1212 ctione
759 1132 1100 1236 aequales
1153 1145 1730 1237 supponuntur,
1799 1130 2002 1238 unde
2053 1144 2214 1208 tota
2262 1131 2685 1234 disquisitio
2736 1129 2965 1207 huius
3018 1141 3609 1236 perscrutatione

458 1271 798 1349 absoluta
849 1273 1020 1346 erit.

704 1406 1104 1484 Manifesto
1155 1407 1586 1484 functiones
1637 1410 2042 1484 continuae
2092 1406 2252 1482 fere
2299 1406 2501 1484 solae
2548 1422 2728 1482 sunt
2746 1464 2767 1497 ‚
2824 1408 2919 1483 de
2961 1433 3289 1510 quarum
3334 1438 3607 1515 appro-

455 1546 864 1620 ximatione
911 1548 1172 1647 quaeri
1223 1559 1496 1650 potest,
1554 1545 2049 1648 quamobrem
2101 1571 2259 1621 non
2309 1547 2455 1620 nisi
2507 1545 2601 1620 de
2654 1573 2741 1621 ea
2790 1547 2873 1619 in
2921 1559 3315 1649 posterum
3364 1559 3610 1630 senno

457 1683 623 1757 erit.
730 1681 1077 1757 Attamen
1147 1685 1538 1787 praeteriri
1607 1685 1880 1784 nequit
1902 1737 1924 1769 ,
2002 1709 2146 1785 pro
2207 1681 2663 1784 quibusdam
2714 1682 3207 1758 discontinuis
3254 1689 3609 1788 approxi-

453 1820 864 1895 mationem
921 1846 1081 1894 non
1141 1821 1391 1894 minus
1454 1816 1716 1895 locum
1777 1817 2084 1892 habere.
2204 1818 2331 1894 Sic
2393 1819 2755 1893 terminos
2818 1819 3181 1892 serierum
3242 1823 3609 1922 quodam-

453 1955 684 2032 modo
749 1971 1110 2058 tanquam
1175 1955 1604 2032 functiones
1668 1955 2172 2031 discontinuas
2237 1952 2503 2029 indicis
2568 1967 2905 2056 spectare
2963 1954 3145 2030 licet
3180 1955 3244 2054 (¹
3262 1959 3333 2056 );
3404 1984 3609 2034 sum-

451 2119 660 2168 mare
723 2106 982 2170 autem
1045 2095 1318 2170 seriem
1375 2091 1743 2168 infinitam
1803 2090 1912 2167 nil
1965 2105 2078 2168 est
2095 2148 2118 2181 ,
2189 2093 2332 2166 nisi
2396 2094 2891 2193 quantitatem
2954 2090 3075 2168 vel
3135 2091 3612 2171 functionem

453 2230 858 2305 earundem
903 2227 1378 2306 variabilium
1393 2287 1416 2320 ,
1475 2254 1670 2332 quae
1717 2231 1942 2304 seriei
1993 2231 2288 2316 insunt,
2346 2229 2793 2330 investigare
2812 2283 2833 2316 ,
2892 2229 2987 2304 ad
3039 2257 3271 2332 quam
3318 2258 3611 2308 summa

459 2368 708 2454 seriei,
763 2393 922 2469 quo
975 2366 1260 2440 diutius
1313 2392 1398 2441 ea
1451 2364 1853 2453 evolvitur,
1914 2393 2008 2443 eo
2054 2367 2286 2467 magis
2311 2364 2639 2440 accedat.

2000 2603 2058 2698 3

537 2854 542 2860 ,
707 2775 1036 2850 Functio
1087 2775 1182 2846 ad
1231 2771 1450 2846 aliam
1489 2770 1965 2846 functionem
2006 2797 2150 2872 pro
2191 2773 2413 2844 certis
2452 2769 2907 2872 quibusdam
2943 2771 3610 2876 independentium

453 2909 839 2986 valoribus
903 2912 1496 3014 appropinquat,
1569 2910 1632 2984 si
1691 2906 2295 2985 decrescentibus
2353 2905 2807 2985 differentiis
2857 2909 3052 2983 inter
3102 2906 3273 2989 illos
3326 2907 3609 2989 valores
3646 2905 3651 2916 ’

453 3046 790 3151 aliosque
857 3046 1190 3122 eiusdem
1253 3044 1627 3121 variabilis
1689 3048 1976 3121 vicinos
2060 3044 2529 3119 differentiae
2600 3046 2797 3120 inter
2860 3043 3153 3121 valores
3212 3050 3610 3151 utriusque

457 3185 939 3290 dependentis
987 3181 1520 3287 respondentes
1571 3183 2052 3272 decrescunt3
2128 3186 2603 3284 maximaque
2668 3184 3304 3287 appropinquatio
3372 3182 3605 3275 adest,

451 3326 514 3399 si
552 3336 873 3425 utraque
924 3320 1352 3396 differentia
1391 3317 1617 3397 'simul
1658 3324 2056 3409 evanescit,
2110 3317 2236 3394 vel
2285 3318 2753 3421 generaliter,
2811 3322 2872 3393 si
2912 3319 3367 3399 differentiae
3400 3320 3608 3397 valo-

451 3487 629 3537 rum
676 3463 1079 3561 utriusque
1134 3455 1645 3560 dependentis,
1717 3470 2092 3555 quantum
2143 3454 2309 3529 fieri
2360 3468 2633 3558 potest,
2692 3456 3044 3525 minimae
3094 3456 3449 3531 evadunt.

707 3595 885 3692 Qua
943 3596 1024 3667 in
1071 3620 1158 3669 re
1208 3590 1748 3693 investiganda,
1814 3618 1972 3694 quo
2022 3589 2318 3666 facilius
2371 3588 2837 3665 conditiones
2892 3603 2969 3665 et
3020 3590 3287 3692 gradus
3350 3609 3489 3670 art.
3526 3602 3601 3670 2.

453 3732 760 3809 indicati
809 3745 1201 3820 eruantur,
1260 3758 1348 3805 ac
1388 3730 1774 3832 diquisitio
1821 3728 1918 3803 ad
1956 3752 2300 3803 normam
2339 3725 2670 3829 aliquam
2708 3726 3109 3829 redigatur,
3154 3727 3233 3803 id
3271 3756 3599 3832 agemus,

452 3886 544 3949 ut
593 3874 930 3976 primum
979 3896 1066 3944 ac
1121 3870 1596 3971 potissimum
1647 3870 1728 3941 in
1775 3863 2202 3970 problema:

658 4011 720 4083 si
767 4021 844 4082 et
892 4003 1124 4081 altera
1172 4005 1468 4082 functio
1521 4018 1599 4081 et
1640 4002 2306 4108 independentium
2353 3999 2672 4091 valores,
2728 4027 2873 4105 pro
2924 4001 3203 4103 quibus
3254 4007 3607 4107 approxi-

657 4147 888 4220 matio
936 4141 1200 4221 locum
1245 4141 1524 4221 habere
1575 4140 1798 4216 debet
1814 4198 1835 4232 ,
1892 4142 2166 4217 dantur
2181 4196 2201 4228 ,
2259 4137 2569 4255 alteram
2616 4138 3115 4230 functionem,
3174 4140 3357 4215 dum
3405 4154 3607 4219 certa

659 4280 907 4359 adhuc
957 4278 1122 4381 lege
1171 4282 1454 4355 variare
1505 4291 1778 4384 potest,
1836 4282 1938 4354 ita
1997 4277 2515 4365 determinare,
2572 4291 2663 4351 ut
2707 4304 2846 4382 pro
2901 4275 3047 4353 illis
3100 4277 3603 4382 independen-

657 4422 854 4494 tium
901 4415 1286 4493 valoribus
1337 4418 1681 4520 proxime
1730 4416 1824 4491 ad
1869 4418 2204 4519 priorem
2249 4413 2576 4506 accedat,

538 4746 626 4830 (¹)
712 4746 970 4828 Quoties
1021 4746 1216 4809 indici
1264 4746 1500 4811 valores
1549 4745 1969 4811 tantummodo
2009 4758 2176 4809 certo
2233 4744 2556 4815 intervallo
2595 4745 2883 4809 distantes
2900 4791 2919 4823 ‚
2990 4766 3049 4808 e.
3080 4768 3141 4831 g.
3202 4763 3603 4806 numerorum

349 4844 356 4851 ’
453 4850 830 4917 naturalium
875 4852 1147 4915 tribuere
1185 4851 1351 4915 licet.

3036 4964 3099 5036 B
