4742 5950
1971 387 2109 476 65-

449 615 716 712 „mdi
738 649 766 703 ‚.
783 644 870 709 α,
895 619 1038 690 etc,
1055 645 1150 684 =
1170 591 1272 728 (tn
1288 591 1402 730 Γ
1423 594 1464 732 )
1489 641 1570 701 2,
1589 663 1596 671 .
1615 615 1956 716 pso-quo
1989 612 2276 713 primae
2309 607 3174 710 inam-aequimanum
3203 576 3621 744 (gagg)

447 750 669 828 nullo
719 751 946 828 modo
997 751 1431 854 responderi
1479 753 1758 854 Potest,
1813 749 1958 822 nis'i
2005 746 2372 834 conditio,
2440 759 2534 819 ut
2582 747 3082 820 abscissurum
3126 751 3282 823 axis
3332 752 3429 824 sit
3480 779 3631 855 pa·-

2530 871 2592 908 m
2612 864 2736 915 ÷1

453 886 708 963 rallela
759 900 1246 992 asymptotae,
1319 885 1687 975 deleatur3
1759 912 1934 958 nam
1983 886 2233 988 posito
2284 911 2344 957 x
2368 917 2459 952 =
2620 955 2649 999 2
2742 874 2779 1008 )
2806 913 2884 971 π,
2919 897 3223 985 tangens
3249 882 3494 962 lineae
3514 891 3615 978 si-

453 1031 701 1099 n'uuin
777 1037 887 1099 est
933 1027 1136 1097 axi-w
1163 1022 1310 1111 illi,
1376 1036 1476 1096 ·et
1531 1021 1747 1095 binc.
1793 1023 2267 1126 ''asymptotae
2329 1018 2737 1122 parallela3
2831 1018 3295 1122 hyperbolae
3361 1037 3616 1099 autem

456 1159 668 1239 nulls
717 1159 1316 1280 ‹inundant-gens·
1337 1155 2206 1262 ·asymptotae.'parallela
2227 1213 2249 1246 ,
2319 1159 2611 1259 quippe
2657 1183 2855 1258 quae
2900 1159 3059 1260 ipsa
3108 1172 3217 1233 est
3256 1185 3347 1235 eo
3384 1161 3619 1254 modo!

456 1294 670 1395 limes
719 1300 1235 1397 tangentium,
1274 1309 1364 1370 ut
1413 1293 1626 1370 nulla
1668 1307 1912 1370 exstet
1955 1291 2324 1397 angulum
2365 1307 2531 1368 tam
2575 1306 2893 1370 acutum
2943 1321 3121 1368 cum
3172 1299 3291 1369 axi
3330 1295 3616 1402 hyper-

457 1431 680 1508 bolae
737 1432 1095 1511 efficiens.
3396 1435 3401 1440 “

1961 1552 2104 1644 23.

711 1700 1108 1778 Problema
1142 1702 1372 1778 huius
1410 1705 1761 1779 sectionis
1800 1707 1860 1780 si
1899 1706 2001 1778 ita
2042 1705 2535 1780 enunciaturz
2594 1705 2965 1804 assignare
3013 1701 3491 1781 functionem
3524 1728 3608 1806 φ,

459 1850 676 1940 quae'
705 1867 850 1943 pro
883 1839 1176 1915 iisdem
1215 1839 1891 1944 independentium
1941 1838 2326 1917 valoribus
2378 1865 2557 1915 cum
2610 1841 2710 1912 M
2754 1840 2939 1914 datis
2987 1839 3370 1918 valoribus
3422 1841 3613 1920 alius

459 1973 874 2054 functionis
902 1979 981 2078 f
1001 1979 1429 2080 conspiret,
1513 1975 2056 2078 simplicissime
2109 2004 2258 2080 ope
2293 1974 2684 2050 formulae
2732 1975 3337 2076 interpolationis
3388 1979 3615 2056 solvi·-

463 2125 657 2200 tur,·
691 2141 920 2214 quam
975 2111 1126 2190 CH.
1145 2113 1544 2215 =Lagrange
1597 2127 1674 2188 et
1723 2112 1962 2188 Gauss
2017 2111 2526 2186 exhibuerunt
2584 2111 2721 2212 (¹).
2826 2109 3011 2206 Quo
3078 2139 3256 2191 casu
3277 2172 3301 2204 ,
3382 2115 3616 2195 null-is

458 2247 857 2350 prohibitis
907 2245 1264 2323 volorum
1311 2275 1454 2352 pro
1500 2251 2148 2353 approximatione
2186 2247 2903 2337 combinationibus,
2926 2239 2947 2308 .‘
2974 2246 3327 2325 babetur

1411 2453 2194 2546 M=M,.M,.M,
2210 2503 2467 2526 ........
2478 2450 2647 2538 M„

461 2610 549 2659 ac
597 2585 1012 2662 functionis
1061 2589 1438 2687 quaesitae
1489 2588 1672 2663 ordo
1723 2616 1774 2660 n
1803 2621 1894 2656 =
2392 2693 2397 2696 Ι

1069 2724 1870 2824 (Μ,-1).(Μ,-1)
1903 2778 1920 2796 .
1959 2725 2319 2825 (Ma-1)
2342 2777 2631 2798 .........
2656 2724 3031 2823 (M„-1).

371 2990 378 2997 .
460 2923 786 3028 Insuper
828 2921 1014 2999 haec
1056 2921 1388 2999 formula
1435 2949 1522 2999 ea
1561 2926 2019 3028 proprietate
2072 2922 2368 3028 gaudet,
2425 2936 2544 3015 ut,
2600 2951 3063 3027 quamquam
3104 2924 3299 3001 nulli
3350 2955 3615 3033 aequa-

462 3062 760 3134 tionum
797 3062 862 3135 1.
933 3074 1076 3135 art.
1110 3066 1185 3136 4.
1257 3062 1558 3159 (omissa
1597 3060 1882 3137 scilicet
1919 3064 2161 3164 prima
2176 3065 2357 3166 f=
2393 3066 2479 3162 φ)
2544 3089 2689 3165 pro
2761 3060 3015 3165 aliquo
3082 3063 3338 3140 valore
3402 3068 3612 3143 inde·

460 3194 953 3297 pendentium
1013 3223 1107 3271 ex
1174 3224 1330 3272 asse
1398 3196 1789 3288 satisfacit,
1875 3199 2228 3274 omnibus
2288 3212 2539 3273 tamen
2605 3228 2749 3303 pro
2817 3202 2916 3273 M
2970 3198 3357 3277 valoribus
3420 3204 3617 3278 indi-

465 3334 646 3408 catis
724 3345 1030 3407 eatenus
1107 3332 1551 3439 respondeat
1569 3388 1590 3421 ,
1674 3332 1884 3436 quod
1960 3349 2283 3439 utraque
2369 3334 2767 3410 functione
2828 3322 3264 3413 secundum
3330 3338 3617 3416 dimen-

463 3470 708 3543 siones
757 3468 1421 3572 independentium
1475 3466 1772 3545 evoluta
1788 3524 1810 3557 ,
1879 3470 2179 3543 termini
2233 3469 2527 3551 easdem
2578 3482 2979 3573 potestates
3031 3470 3439 3547 earundem
3486 3504 3614 3552 va-

407 3580 412 3583 ·
464 3604 846 3679 riabilium
895 3603 1360 3681 involventes
1412 3605 1636 3708 plane
1687 3608 2155 3709 conspirent,
2228 3620 2599 3710 quatenus
2650 3604 2733 3681 hi
2784 3610 3087 3683 termini
3137 3608 3516 3687 functioni
3558 3634 3613 3712 φ

465 3742 761 3831 insunt3
832 3741 1036 3817 un'de
1088 3756 1356 3850 sponte
1407 3742 1872 3845 intelligitur,
1945 3744 2379 3833 terminum,
2408 3716 2612 3818 'inde
2663 3773 2704 3817 a
2751 3772 2911 3847 quo
2962 3744 3354 3823 variabiles
3408 3774 3613 3825 com-

467 3892 834 3980 putantur
852 3936 873 3967 ,
958 3878 1335 3955 additione
1401 3878 1524 3955 vel
1590 3881 2100 3956 subtractione
2165 3880 2605 3956 idonearum
2674 3886 3180 3960 constantium
3200 3942 3223 3975 ,
3302 3886 3405 3959 ita
3470 3901 3616 3964 sta-

465 4014 838 4089 tuendum
887 4042 1084 4104 esse,
1164 4032 1296 4107 ut,
1380 4032 1752 4124 quantum
1807 4015 1962 4094 fieri
2013 4030 2298 4121 potest,
2380 4018 2675 4093 medius
2730 4022 2827 4095 sit
2884 4023 3081 4095 inter
3128 4019 3419 4098 valores
3466 4050 3611 4127 pro

467 4155 1136 4257 approximatione.

719 4290 1106 4363 Praeterea
1181 4316 1359 4365 cum
1407 4287 1738 4368 formula
1795 4288 2400 4392 interpolationis
2468 4291 2711 4395 capite
2740 4290 2843 4363 Π.
2920 4290 3163 4367 fusius
3230 4297 3375 4369 erit
3434 4323 3609 4400 per-

468 4424 874 4525 tractanda,
931 4425 1056 4501 hic
1107 4429 1176 4502 ei
1227 4454 1389 4503 nou
1439 4425 1759 4530 amplius
1808 4430 2328 4515 immoremur,
2388 4425 2859 4502 observantes
2910 4427 3412 4521 solummodo,
3464 4432 3612 4511 hu-

558 4752 650 4835 (¹)
733 4752 1001 4815 Journal
1037 4754 1114 4815 de
1136 4754 1350 4818 l'ecole
1384 4752 1864 4838 polytechnique
1901 4756 2134 4817 cahier-s
2162 4758 2198 4820 7
2227 4768 2290 4816 et
2317 4756 2381 4817 8.
2431 4753 2620 4837 (1795
2648 4754 2741 4837 L.)
2789 4757 2975 4818 1812.
3058 4758 3609 4821 Commentationes

471 4860 607 4921 Soc.
635 4858 786 4942 neg.
812 4857 1095 4941 Gotting.
1122 4858 1508 4925 recentiores.
1553 4857 1694 4923 vol.
1713 4860 1819 4923 111.
1854 4858 2178 4961 Methodus
2200 4880 2357 4921 nova
2381 4872 2495 4921 etc.
2523 4858 2689 4921 Vide
2724 4880 2853 4943 cap.
2876 4860 2947 4919 11.

3062 4976 3104 5048 Ι
