4742 5950
2640 405 2697 492 6

1084 629 1244 729 ipsa
1315 628 1404 702 V
1444 620 1733 699 valores
1785 622 2290 724 producerent
2339 618 2737 698 intervallo
2782 625 2835 696 I
2884 622 3083 695 inter
3132 645 3211 694 se
3260 621 3711 698 differentes.
3820 624 4019 698 Hinc
4075 651 4255 728 ergo

1085 765 1469 864 sequitur,
1539 761 2014 836 functionem
2063 759 2441 862 quandam
2492 785 2651 834 non
2696 761 2949 833 minus
3006 757 3557 834 discontinuam
3600 786 3785 848 esse,
3842 764 3901 836 si
3944 788 4091 865 pro
4142 766 4259 838 in-

1081 895 1410 974 tervallis
1474 896 1928 1000 quibusdam
1987 895 2335 972 valorum
2402 895 3072 998 independentium
3122 895 3447 972 eundem
3500 923 3793 1000 semper
3846 898 4262 1002 dependen-

1079 1040 1176 1112 tis
1236 1035 1572 1111 valorem
1635 1035 2006 1138 producat
2031 1035 2178 1134 (¹),
2247 1047 2322 1108 et
2381 1031 2579 1108 hanc
2630 1032 3117 1132 functionum
3170 1032 3818 1109 discontinuarum
3866 1039 4257 1112 notionem

983 1163 992 1172 ’
1082 1201 1260 1249 cum
1312 1170 1467 1259 illa,
1525 1176 1586 1246 si
1639 1175 1720 1244 in
1768 1167 2146 1246 valoribus
2200 1174 2429 1247 unius
2482 1170 2873 1246 cuiusdam
2922 1168 3297 1245 variabilis
3352 1168 3576 1248 saltus
3630 1174 4042 1263 invenitur,
4098 1201 4257 1250 cor·

1080 1310 1307 1385 relata
1358 1335 1544 1383 esse.

1333 1446 1556 1541 Quae
1608 1471 1786 1520 cum
1837 1447 1936 1518 ita
1995 1447 2168 1533 sint,
2228 1471 2557 1546 cumque
2609 1442 3040 1520 functiones
3092 1442 3503 1549 analyticae
3557 1473 3701 1548 pro
3754 1445 4105 1547 quolibet
4148 1451 4256 1522 in-

1078 1583 1666 1687 dependentium
1724 1581 2020 1669 valore,
2090 1580 2431 1656 valorem
2492 1580 2979 1686 dependentis
3041 1579 3164 1657 vel
3222 1580 3505 1657 realem
3552 1580 3677 1657 vel
3728 1585 4252 1684 imaginarium

1079 1734 1156 1796 et
1223 1719 1664 1821 generaliter
1727 1715 2111 1821 loquendo
2133 1775 2154 1806 ,
2225 1745 2269 1790 a
2321 1717 2629 1821 reliquis
2690 1689 3099 1794 diversum·
3123 1722 3466 1820 gignant,
3538 1722 3695 1795 sive
3749 1747 3927 1794 cum
3978 1719 4249 1796 calculi

1075 1855 1578 1932 differentialis
1643 1859 1790 1958 o'pe
1839 1855 2120 1930 directe
2171 1854 2660 1930 demonstrari
2711 1858 2985 1959 possit,
3054 1881 3314 1930 omnes
3364 1856 3795 1932 functiones
3846 1853 4248 1960 analyticas

1076 1999 1299 2069 etiam
1361 1997 1756 2068 continuas
1819 2017 1975 2067 esse
2041 1993 2150 2092 (²)
2173 2048 2192 2079 ,
2261 1995 2423 2066 sine
2476 1991 2710 2066 dubio
2764 2017 3089 2068 asserere
3138 1990 3355 2082 licet,
3421 1992 3713 2066 nullam
3770 1993 4248 2070 functionem
4378 2037 4384 2042 ·

1076 2131 1629 2206 discontinuam
1678 2141 1913 2202 totam
1965 2127 2338 2233 analytice
2393 2130 2522 2228 (id
2576 2143 2690 2205 est
2728 2132 2857 2219 ita,
2914 2143 3003 2204 ut
3038 2127 3250 2203 nulla
3288 2129 3575 2232 adiecta
3616 2131 4049 2206 conditione
4090 2159 4249 2235 spe-

1075 2266 1242 2344 ciali
1318 2269 1788 2371 operationes
1861 2266 2372 2340 arithmeticae
2453 2267 2819 2342 indicatae
2886 2264 3183 2344 valores
3248 2267 3663 2343 functionis
3726 2267 4245 2344 discontinuae

1073 2433 1314 2478 omnes
1364 2403 1825 2507 producant)
1878 2402 2220 2477 exhiberi
2272 2431 2493 2506 posse
2518 2405 2655 2504 (³).
4238 2503 4243 2510 Ι

1323 2543 1680 2643 Denique
1739 2543 1984 2615 notari
2050 2543 2444 2626 convenit,
2524 2543 3035 2626 continuitatis
3097 2538 3341 2642 legem
3393 2567 3623 2643 supra
3678 2545 4097 2644 expositam
4144 2542 4242 2638 ad

1069 2681 1504 2754 functiones
1571 2691 1839 2752 natura
1901 2705 2035 2752 sua
2085 2681 2455 2752 variantes
2508 2676 2862 2780 applicari
2916 2703 3134 2780 posse
3154 2707 3175 2766 ;
3256 2689 3331 2750 et
3380 2693 3471 2750 ut
3520 2681 3967 2753 variationes
4028 2692 4242 2753 natu.-

1067 2843 1195 2891 rae
1245 2814 1664 2891 functionis
1711 2813 1891 2888 huic
1943 2813 2092 2914 legi
2145 2813 2621 2902 satisfaciant,
2680 2813 3089 2888 essentialis
3140 2828 3251 2888 est
3301 2813 3663 2902 conditio,
3722 2819 3850 2889 cui
3900 2815 4235 2891 calculus

1065 2957 1566 3030 variationum
1613 2953 1965 3026 innititur
2003 2947 2141 3050 (⁴).

1151 3232 1242 3315 (¹)
1331 3230 1594 3291 Functio
1655 3250 1704 3289 e.
1731 3252 1792 3312 g.
1835 3227 2286 3311 probabilitatis
2327 3250 2611 3289 errorum
2648 3252 2694 3289 x
2712 3274 2733 3303 ,
2776 3229 3003 3313 quibus
3045 3228 3538 3289 observationum
3574 3246 3763 3311 genus
3797 3230 4105 3313 quoddam
4144 3246 4235 3295 est

1065 3334 1435 3408 obnoxium,
1493 3332 1881 3393 discontinua
1919 3346 2040 3408 est,
2087 3354 2234 3393 cum
2273 3346 2443 3393 extra
2484 3352 2767 3393 errorum
2804 3332 3198 3415 possibilium
3238 3331 3476 3393 limites
3522 3352 3763 3415 semper
3800 3333 4070 3397 valorem
4102 3362 4173 3391 ==
4191 3361 4233 3397 ο

1063 3460 1364 3502 assumere
1409 3438 1652 3511 debean
1713 3438 1952 3497 functio
1994 3450 2198 3497 autem
2237 3444 2383 3495 ed*
2402 3482 2420 3512 ‚
2474 3436 2833 3520 designante
2872 3458 2906 3496 e
2948 3436 3123 3497 basin
3163 3435 3681 3519 logarithmorum
3717 3437 4117 3515 naturalium,
4162 3440 4231 3501 in

1062 3546 1236 3629 praxi
1278 3565 1391 3627 pro
1435 3527 1545 3602 ill'a
1583 3555 1820 3623 recepta
1860 3562 1988 3601 non
2028 3541 2148 3600 nisi
2189 3541 2471 3624 proxime
2510 3541 2662 3602 huic
2706 3540 3054 3601 conditioni
3096 3540 3403 3600 satisfacit.

1148 3648 1232 3733 (²)
1321 3648 1371 3708 E
1410 3647 1782 3707 theoremate
1826 3643 1922 3703 ill.
1961 3646 2276 3725 Lagi-ange
2313 3646 2478 3703 circa
2518 3664 2790 3703 errorem
2840 3644 2939 3705 vel
2992 3642 3307 3703 residuum
3326 3688 3343 3718 ,
3408 3644 3462 3705 si
3518 3645 3704 3705 series
3744 3645 4105 3728 Tayloriana
4160 3648 4229 3711 in

1061 3752 1344 3814 terminis
1373 3748 1607 3809 ordinis
1638 3746 1953 3807 cuiusdam
1983 3746 2397 3828 abrumpitur,
2446 3745 2732 3826 (Theorie
2750 3745 2855 3807 des
2886 3747 3193 3807 fonctions
3214 3748 3257 3806 1.
3280 3750 3401 3807 No.
3422 3745 3501 3808 40
3516 3762 3578 3807 et
3592 3746 3721 3829 78.)
3754 3748 4051 3812 facillime
4083 3772 4229 3835 per-

1060 3856 1216 3940 spici
1256 3865 1474 3937 potest‚
1519 3871 1766 3911 omnem
1799 3850 2182 3912 functionem
2220 3848 2586 3933 analyticam
2614 3850 2969 3911 continuam
3010 3871 3159 3927 esse,
3202 3852 3349 3935 quia
3390 3852 3766 3927 incrementa
3808 3852 4227 3937 independen-

1061 3962 1223 4021 tium
1250 3976 1494 4038 semper
1523 3968 1784 4017 statuere
1815 3954 1966 4015 licet
1999 3954 2105 4028 ita,
2149 3966 2224 4013 ut
2249 3954 2430 4014 ambo
2460 3953 2856 4036 dependentis
2882 3954 3117 4017 valore·
3149 3955 3277 4038 legi
3310 3955 3735 4017 continuitatis
3755 3958 4139 4021 satisfaciant.

1145 4062 1232 4147 (³)
1319 4064 1704 4142 Quamquam
1743 4058 1842 4121 cl.
1862 4058 2120 4119 Fourier
2163 4058 2375 4141 (truite
2398 4058 2749 4141 analytique
2774 4080 2881 4120 sur
2904 4059 2964 4120 la
2994 4059 3245 4121 chaleur
3270 4075 3379 4121 art.
3398 4062 3514 4123 229
3541 4062 3831 4146 aliisque)
3878 4065 4225 4127 functiones

1058 4166 1473 4232 discontinuas
1523 4176 1584 4223 et
1629 4162 1978 4225 arbitrarias
2029 4184 2142 4246 per
2189 4163 2567 4225 evolutiones
2614 4163 2978 4242 secunduma
2992 4166 3237 4227 cosinus
3279 4163 3378 4229 vel
3416 4166 3591 4227 sinus
3628 4168 4067 4251 multiplorum
4106 4191 4221 4231 an·-

1063 4272 1196 4359 guli
1237 4268 1553 4333 cuiusdam
1593 4267 2050 4351 progredientes
2084 4268 2361 4328 exhiberi
2395 4288 2567 4349 posse
2600 4268 2827 4344 credit;
2876 4269 2941 4329 id
2976 4268 3142 4353 quod
3179 4270 3301 4331 iam
3330 4290 3401 4331 ea
3430 4270 3510 4331 de
3540 4292 3716 4333 causa
3746 4292 4072 4333 erroneum
4102 4266 4215 4347 est,

1060 4376 1226 4462 quod
1259 4372 1398 4435 talis
1431 4371 1701 4433 evolutio
1735 4391 1972 4453 semper
2005 4372 2384 4432 functionem
2416 4372 2787 4454 periodicam
2826 4372 3019 4455 (conf.
3038 4396 3137 4435 no.
3154 4372 3211 4435 4.
3232 4374 3420 4435 huius
3439 4374 3575 4457 art.)
3614 4378 3832 4460 gignit.
3862 4375 4220 4439 cLPoiaon

1064 4476 1339 4565 (Iournal
1369 4474 1444 4537 de
1462 4473 1678 4537 l‘ecole
1701 4474 2204 4559 polytechnique‚
2235 4476 2442 4537 cahier
2469 4478 2561 4538 18.
2589 4500 2725 4561 pag.
2742 4475 2886 4541 417.
2918 4489 2981 4537 et
3004 4478 3213 4539 cahier
3236 4480 3331 4539 19.
3360 4500 3498 4562 pag.
3516 4478 3674 4561 145.)
3712 4481 3870 4541 hanc
3900 4479 4216 4543 evolvendi
4304 4554 4307 4561 Ι

1056 4582 1417 4649 methodum
1465 4580 1541 4641 ad
1589 4579 1958 4641 exhibendas
2007 4582 2292 4665 singulas
2351 4582 2689 4643 functionis
2742 4580 3075 4643 cuiuslibet
3127 4582 3227 4646 vel
3274 4583 3627 4644 abitu-ariae
3678 4598 3742 4643 et
3792 4583 4217 4647 discentiam

1052 4705 1270 4774 partes
1313 4684 1602 4746 inservire
1640 4704 1814 4767 posse
1852 4685 2083 4760 asserit,
2128 4686 2233 4746 cui
2271 4686 2595 4749 manifesto
2635 4686 2733 4748 nil
2770 4688 2987 4755 obstat.
3070 4689 3237 4750 Infra
3273 4707 3403 4772 cap.
3422 4690 3493 4749 11.
3532 4688 3744 4773 paucis
3782 4688 3931 4751 haec
3968 4688 4215 4751 metho-

1058 4792 1172 4854 dus
1209 4790 1478 4874 exposita
1517 4789 1651 4849 erit.
1745 4849 1757 4861 ,

1143 4893 1232 4977 (⁴)
1317 4894 1489 4955 Gonf.
1516 4892 1608 4955 Cl.
1636 4893 1903 4955 Dirksen
1942 4892 2082 4955 loco
2120 4894 2325 4956 citato.
