4742 5950
1982 359 2098 470 .7

681 589 760 685 4)
817 586 1280 662 Functiones
1335 597 1514 660 sunt
1533 581 1660 660 vel
1691 585 2088 684 penbdc‘cae
2127 581 2252 659 vel
2285 611 2429 660 non
2456 587 2883 686 pertbdcbae,
2942 615 3129 690 quas
3176 609 3642 665 excurrentes

476 725 868 799 nominare
913 721 1196 796 licebit.
1281 726 1372 797 In
1417 721 1561 796 illis
1609 721 2092 824 dependentis
2138 719 2423 800 valores
2477 723 2704 798 iidem
2754 727 2835 797 in
2895 724 3161 802 eodem
3216 727 3479 802 ordine
3529 753 3638 800 re-

473 861 710 938 deunt
753 873 926 964 post
979 872 1274 950 certum
1331 855 1810 938 intervallum
1861 862 2016 936 sive
2066 859 2248 934 dum
2300 863 2521 935 certis
2587 861 3040 963 quibusdam
3094 863 3641 965 quantitatibus

475 997 1062 1102 independentes
1104 1010 1477 1082 crescunt,
1531 1008 2014 1070 excurrentes
2050 995 2306 1071 autem
2340 996 2772 1072 functiones
2807 996 2929 1071 vel
2965 998 3293 1076 diversos
3332 999 3455 1076 vel
3490 967 3647 1076 eos-

475 1135 646 1210 dem
689 1133 1000 1238 quidem
1043 1132 1528 1236 dependentis
1564 1129 1854 1209 valores
1888 1131 2019 1208 sed
2059 1133 2198 1208 hos
2235 1160 2394 1208 non
2432 1159 2727 1236 semper
2764 1137 2843 1206 in
2878 1133 3144 1208 eodem
3182 1138 3440 1212 ordine
3476 1164 3645 1242 pro-

475 1271 795 1348 ducunt.
853 1271 1544 1372 Trigonometricae
1583 1297 1744 1372 ας.
1788 1268 2221 1345 functiones
2260 1271 2683 1374 periodicas
2726 1285 2929 1358 sunt,
2988 1286 3476 1350 excurrentes
3518 1302 3646 1350 au-

472 1419 626 1484 tem
648 1406 1238 1510 logarithmicae,
1267 1412 1748 1510 aequationes
1771 1435 1916 1512 pro
1941 1408 2401 1484 sectionibus
2430 1411 2711 1484 conicis
2726 1388 3641 1510 J=VW2

471 1544 904 1646 designante
924 1573 976 1646 p
1001 1559 1508 1649 parametrum
1537 1559 1613 1621 et
1635 1575 1676 1618 e
1709 1548 2370 1632 excentricitatem,
2416 1561 2553 1620 etc.
2572 1548 2893 1627 Functio
2920 1527 3500 1650 mse—1)
3540 1547 3637 1621 ,τ’

477 1681 784 1758 eosdem
856 1683 1167 1785 quidem
1241 1685 1476 1785 ipsius
1519 1709 1591 1781 y
1649 1679 1940 1758 valor-es
2005 1683 2257 1784 quoad
2319 1684 2813 1784 quantitatem
2874 1683 3294 1761 absolutam
3356 1683 3640 1788 pluries

477 1821 744 1922 gignit,
801 1819 932 1894 sed
978 1817 1099 1895 vel
1151 1822 1450 1894 inverso
1503 1818 1766 1895 ordine
1817 1815 1941 1893 vel
1993 1821 2222 1919 signis
2277 1822 2668 1923 oppositis.

525 2001 554 2020 ο
682 1960 762 2056 5)
815 1957 1276 2031 Functiones
1327 1955 1656 2057 denique
1707 1953 2120 2058 analyticae
2166 1955 2521 2058 pluribus
2572 1957 2811 2032 modis
2868 1956 3099 2031 dividi
3151 1971 3227 2032 et
3264 1954 3641 2032 subdividi

473 2105 816 2195 possunt,
873 2105 1108 2195 prout
1159 2091 1364 2166 aliud
1431 2095 1829 2196 respicitur
1893 2092 2278 2167 divisionis
2328 2092 2914 2168 fundamentum
2935 2151 2954 2183 ,
3022 2092 3225 2168 unde
3288 2095 3641 2168 oriuntur
3766 2083 3773 2088 ⁷

473 2228 902 2306 discrimina
969 2233 1166 2303 inter
1229 2227 1662 2303 functiones
1728 2227 2178 2330 algebraicas
2243 2242 2319 2302 et
2389 2229 2992 2304 transcendentes
3016 2285 3037 2318 ‚
3109 2227 3501 2304 rationales
3566 2243 3643 2304 et

473 2363 964 2452 irrationales,
1023 2369 1342 2466 integras
1380 2381 1455 2439 et
1490 2363 1790 2453 fractas,
1844 2364 2346 2465 homogeneas
2390 2379 2467 2440 et
2504 2364 3067 2468 heterogeneas,
3096 2367 3636 2470 ¹symmetricas

473 2515 550 2580 et
598 2529 757 2579 non
811 2505 1349 2606 symmetricas,
1407 2528 1620 2606 pares
1659 2515 1738 2578 et
1775 2504 2124 2604 impares,
2179 2493 2569 2605 explicitas
2612 2517 2687 2578 et
2728 2500 3154 2604 implicitas,
3212 2518 3359 2578 etc.
3440 2504 3641 2600 Qua·

472 2667 648 2714 rum
713 2615 1188 2717 defin-itiones
1257 2665 1504 2741 quum
1561 2642 1734 2714 satis
1785 2652 2007 2716 notae
2057 2653 2286 2741 atque
2337 2653 2720 2742 praeterea
2770 2670 2813 2713 a
2864 2637 3011 2716 cel.
3058 2639 3457 2739 EumnO)
3524 2639 3641 2714 fu-

473 2778 626 2853 sius
693 2775 1108 2878 explicatae
1175 2777 1366 2862 sint,
1454 2799 1614 2846 non
1685 2786 1834 2862 est,
1911 2801 2050 2848 cur
2118 2773 2236 2850 his
2301 2778 2831 2864 immoremur,
2913 2777 2991 2849 id
3056 2775 3265 2877 quod
3320 2779 3639 2878 ‘insuper

473 2941 516 2987 a
565 2915 958 3017 proposito
1009 2924 1272 2986 nostro
1327 2911 1546 2985 nimis
1609 2910 2045 2987 abduceret.
2141 2909 2377 3007 Quod
2437 2927 2691 3017 tamen
2754 2911 2849 2985 ad
2907 2911 3341 2989 functiones
3408 2911 3639 3015 expli-

473 3053 652 3127 citas
705 3064 783 3127 et
825 3046 1230 3153 implicitas
1255 3048 1366 3147 (2)
1420 3050 1724 3135 attinet,
1793 3062 2059 3123 notare
2111 3051 2354 3135 iuvat,
2426 3051 2831 3151 explicatam
2898 3076 3058 3125 esse
3121 3050 3631 3137 functionem,

473 3190 533 3265 si
591 3191 943 3291 aequatio
999 3214 1164 3263 eam
1218 3184 1584 3261 exhibens
1635 3188 1718 3259 in
1769 3188 1997 3261 unico
2053 3198 2346 3259 tantum
2389 3189 2717 3263 termino
2759 3186 3317 3290 dependentem
3366 3184 3629 3275 solam,

471 3326 552 3398 in
619 3324 927 3427 reliquis
989 3350 1175 3398 vero
1243 3324 1580 3397 terminis
1635 3349 1793 3397 non
1843 3325 1988 3399 nisi
2041 3322 2632 3426 independentes
2688 3327 3107 3410 contineat3
3166 3350 3209 3397 e
3259 3327 3635 3399 contrario

472 3474 730 3537 autem
777 3464 1182 3561 tthlchitam
1237 3484 1396 3531 esse
1447 3457 1951 3543 functionem,
2011 3457 2228 3534 cuius
2272 3464 2623 3561 aequatio
2678 3460 3228 3559 dependentem
3266 3457 3635 3561 indepen-

555 3740 645 3823 (¹)
732 3738 958 3801 Introd.
1003 3739 1071 3799 in
1110 3737 1335 3821 analys.
1363 3737 1538 3797 infil.
1569 3758 1698 3820 cap.
1729 3738 1762 3799 1
1788 3749 1850 3797 et
1871 3740 1930 3799 3.
2013 3743 2300 3799 Attamen
2339 3739 2655 3801 observare
2695 3738 3037 3813 conveniet,
3078 3736 3467 3799 definitiones
3503 3736 3636 3799 cla-

469 3846 698 3929 rissimi
745 3844 1012 3907 auctoris
1077 3842 1288 3925 plures
1342 3842 1532 3901 nimis
1577 3854 1798 3915 arctas,
1864 3840 2188 3925 pluresque
2207 3889 2225 3917 ,
2290 3864 2439 3927 quas
2490 3844 2734 3917 statuit,
2798 3842 3241 3903 subdivisiones
3279 3842 3489 3924 potius
3526 3862 3635 3901 oo-
3718 3895 3733 3915 ,

471 3949 834 4025 divisiones,
891 3948 986 4009 uti
1057 3946 1307 4020 dicunt,
1373 3966 1515 4006 esse.
1599 3945 1705 4006 Sic
1759 3946 2106 4005 functiones
2163 3946 2494 4029 implicitas
2550 3944 2628 4007 ad
2687 3947 3065 4009 irrationales
3123 3945 3325 4007 solum
3377 3946 3634 4007 restrin-

473 4054 588 4137 git,
632 4074 786 4137 quae
818 4054 1012 4113 forma
1046 4052 1219 4111 finita
1261 4048 1537 4109 admissis
1569 4050 1754 4109 etiam
1785 4050 1978 4133 signis
2007 4050 2376 4113 radicalibus
2409 4050 2605 4113 evolvi
2638 4064 2951 4133 nequeunt
2981 4071 3033 4111 e.
3058 4074 3113 4134 g.
3157 4052 3233 4113 X
3242 4049 3269 4083 ⁷
3304 4076 3377 4105 ε
3404 4049 3631 4113 axX‘

467 4192 539 4209 -
563 4157 726 4234 ὄπ’,
769 4158 880 4219 ubi
919 4158 996 4219 X
1031 4168 1124 4217 est
1165 4154 1406 4216 functio
1449 4154 1642 4237 ipsius
1681 4176 1749 4229 ω,
1793 4174 1982 4237 quam
2021 4155 2408 4233 theorematis
2459 4155 2551 4217 ill.
2574 4158 2889 4239 Lagrange
2928 4176 3043 4238 ope
3094 4156 3159 4217 in
3208 4155 3429 4217 seriem
3464 4154 3635 4217 evol-

469 4282 610 4327 vere
653 4262 826 4324 licet.

554 4364 646 4450 (²)
735 4364 1106 4426 Functiones
1139 4360 1475 4443 implicitae
1505 4360 1604 4421 vel
1640 4360 2027 4444 inexplicitae
2057 4385 2202 4425 cum
2237 4361 2773 4445 inexplicabilibus
2808 4384 2933 4423 non
2966 4376 3111 4424 sunt
3147 4360 3629 4437 confundendae,

467 4470 699 4554 quippe
755 4490 910 4551 quae
957 4466 1138 4530 nullo
1188 4464 1372 4526 modo
1428 4464 1624 4527 evolvi
1647 4534 1652 4541 ,
1679 4480 1949 4549 possunt.
2033 4468 2256 4529 Extant
2297 4466 2598 4529 eiusmodi
2649 4467 2994 4529 functiones
3052 4487 3105 4528 e.
3131 4489 3187 4551 g.

1043 4604 1750 4689 1÷÷÷0¹5÷÷÷
1780 4649 1951 4666 .....
1984 4582 2747 4687 ÷÷,necnon1.2.3.
2778 4650 2984 4669 ......
3022 4632 3069 4669 x

469 4768 506 4811 a
545 4748 636 4811 cl.
676 4746 866 4810 Euler
907 4748 974 4810 in
1015 4750 1208 4809 instit.
1253 4745 1488 4809 calculi.
1523 4744 1943 4808 differentialis
1982 4770 2116 4843 cap.
2141 4768 2254 4807 xiv
2301 4762 2606 4809 tractatae.
2692 4750 2863 4810 Hinc
2904 4750 2969 4809 in
3008 4762 3329 4833 systemate
3369 4744 3631 4807 mactio-

468 4872 622 4915 nm
639 4853 972 4935 completo,
1007 4850 1076 4914 in
1102 4854 1525 4917 functionibus
1558 4852 1882 4937 implicitis
1909 4852 2303 4937 explicabile·
2330 4867 2398 4917 et
2430 4852 2891 4937 inexplicabiles
2922 4851 3347 4917 discernendae
3384 4862 3542 4913 sum.
