4742 5950
1969 1052 2364 1161 VITAE
2444 1059 3329 1166 CURRICULUM.

1359 1537 1450 1614 E.
1499 1539 1572 1614 J.
1619 1535 1708 1616 C.
1755 1537 1846 1613 F.
1917 1537 2387 1616 Christianus
2453 1559 2523 1614 de
2557 1535 2781 1614 Riese
2846 1552 3065 1616 natus
3131 1565 3301 1613 snm
3372 1537 3491 1612 die
3547 1539 3870 1617 v1.Dec.
3916 1567 4229 1631 uocem,

1080 1671 1290 1760 patre
1335 1658 1711 1734 carissimo
1764 1659 2091 1760 principi
2145 1661 2611 1736 serenissimo
2666 1683 2719 1734 Α
2748 1657 2996 1739 Sim·
2998 1658 3409 1738 Horis-rm
3461 1688 3505 1737 a
3544 1659 3870 1736 consiliis
3921 1664 4229 1748 intimis,

1076 1791 1310 1850 matre
1363 1773 1838 1856 dilectissima
1891 1802 1986 1854 ex
2039 1791 2258 1879 gente
2307 1775 2900 1856 Machenhauer.

1326 1895 1482 1971 Vix
1536 1919 1577 1966 e
1628 1898 1956 1997 pueritia
2003 1895 2397 1982 excedens,
2455 1899 2533 1968 in
2585 1923 2739 1998 qua
2788 1895 3393 1994 humanioribus,
3449 1909 3541 1971 ut
3584 1895 3747 1970 fieri
3789 1896 4006 1985 solet,
4061 1927 4233 2004 par-

1073 2015 1211 2087 tim
1261 2014 1341 2085 in
1395 2009 1669 2086 scholis
1707 2012 2092 2114 publicis,
2176 2019 2452 2115 partim
2502 2012 2965 2088 Coes'feldiae
3032 2013 3649 2088 institutionibus·
3698 2017 4007 2116 privatis
4072 2017 4237 2091 for-

1071 2129 1362 2218 mabar,
1422 2129 1509 2202 ad
1565 2129 1981 2204 matheseos
2030 2125 2399 2205 elementa
2448 2128 2667 2204 nullo
2686 2185 2707 2217 ,
2765 2129 2974 2232 quod
3016 2128 3392 2216 dolebam,
3464 2129 3655 2205 duce
3696 2137 4031 2234 peritiori
4074 2136 4231 2208 ani·

1073 2277 1288 2325 mum
1338 2245 1630 2351 appuli,
1687 2273 1830 2322 nec
1879 2250 2158 2336 minus,
2214 2261 2474 2350 postea
2518 2276 2723 2332 cum,
2780 2263 2871 2323 ut
2914 2247 3158 2344 studia
3199 2251 3514 2324 iuridica
3557 2263 3633 2322 et
3674 2250 4062 2325 cameralia
4101 2251 4233 2327 ex-

1074 2366 1402 2443 colerem
1419 2423 1442 2457 ,
1523 2392 1721 2440 anno
1777 2365 2005 2460 1801-’6
2069 2369 2150 2439 in
2221 2370 2705 2442 universitate
2756 2365 3113 2443 litteraria
3133 2424 3156 2457 ,
3240 2395 3439 2476 quae
3504 2393 3597 2444 eo
3660 2381 4004 2472 tempore
4056 2371 4234 2450 Mo·

1070 2489 1373 2564 nasterii
1425 2485 1750 2585 vigebat,
1808 2501 1884 2559 et
1935 2484 2110 2584 inde
2160 2514 2203 2559 a
2243 2511 2499 2560 mense
2537 2486 2782 2589 Aprili
2832 2489 3009 2560 anni
3072 2495 3257 2560 1811
3320 2489 3487 2590 (per
3504 2505 3862 2564 semestre
3892 2491 4099 2563 enim
4126 2489 4233 2564 hi·

1069 2606 1398 2680 bernum
1422 2608 1503 2677 in
1531 2602 1860 2679 cadastro
1888 2620 2308 2704 geometrae
2333 2629 2654 2678 munere
2676 2603 2985 2681 functus
3013 2607 3241 2706 eram)
3290 2606 3671 2685 Giessensi
3724 2619 4231 2684 commoratus

1071 2751 1241 2800 sum
1261 2781 1281 2813 ,
1339 2749 1566 2799 omne
1619 2726 1864 2796 otium
1915 2735 2016 2808 et,
2074 2735 2449 2824 quantum
2494 2721 2839 2812 licuerat,
2896 2737 3195 2825 tempus
3246 2723 3561 2798 mathesi
3605 2737 3679 2799 et
3720 2723 4077 2827 physicae
4118 2724 4232 2801 di-

1070 2856 1230 2919 cata
1281 2841 1636 2929 fuerunt,
1706 2843 1786 2914 in
1849 2839 2130 2942 quibus
2178 2855 2270 2916 ut
2317 2839 2844 2944 procederem,
2902 2841 3345 2921 Monasterii
3370 2893 3375 2898 ·
3405 2843 4005 2918 institutionibus
4052 2871 4229 2947 pro-

1070 2961 1373 3045 fessoris
1433 2963 1582 3035 iam
1628 2960 1826 3038 beati
1881 2957 2194 3037 Gomvrz
2247 2963 2326 3035 in
2378 2961 2738 3098 quasdam
2788 2959 3205 3039 matheseos
3256 2959 3657 3063 particulas
3702 2976 3777 3037 et
3831 2962 4097 3039 deinde
4148 2965 4229 3039 in

1069 3081 1441 3163 academia
1481 3079 1862 3159 Giessensi
1905 3081 2260 3159 omnibus
2300 3078 2691 3157 clarissimi
2730 3079 3069 3157 Semnum
3106 3078 3745 3184 praelectionibus
3788 3082 4131 3191 interfui

1323 3199 1602 3279 Sub-ito
1641 3212 1898 3280 autem
1941 3226 2148 3277 auno
2189 3208 2381 3283 1813
2430 3201 2677 3277 studia
2722 3203 3141 3301 interrupta
3180 3210 3401 3287 sunt3
3458 3202 3800 3299 quamvis
3843 3204 4047 3278 enim
4084 3206 4231 3278 iam

1069 3322 1278 3424 ptius
1341 3317 1610 3399 officiis
1673 3316 2168 3415 militaribus,
2222 3342 2419 3417 quac
2473 3316 2631 3393 hoc
2681 3330 3021 3419 tempore
3077 3318 3497 3419 unicuique
3550 3345 3593 3390 a
3648 3343 3851 3395 novo
3918 3319 4231 3423 dynasta

1067 3438 1682 3540 iniungebantur,
1729 3434 2269 3525 satisfecimus,
2313 3432 2811 3511 nihilomnius
2838 3448 3087 3511 tamen
3128 3464 3169 3509 a
3194 3434 3575 3537 praefecto
3610 3434 4227 3518 Franco-Gallico

1069 3561 1314 3634 iussus
1377 3584 1574 3643 sum,
1631 3554 1974 3637 domum.
1995 3556 2266 3643 redire,
2325 3558 2459 3656 qui
2513 3557 2593 3631 in
2647 3552 3070 3657 legionibus
3122 3556 3229 3631 sic
3282 3555 3496 3629 dictis
3535 3556 3783 3631 Gar-de
3812 3557 3871 3629 d
3882 3557 4231 3633 'honneur

1071 3675 1530 3779 stipendium
1567 3698 1928 3751 mererer.
2002 3671 2152 3748 Cui
2185 3700 2368 3748 vero
2408 3675 2647 3748 insoni
2692 3700 2853 3773 quo
2894 3677 3147 3749 minus
3192 3673 3735 3777 responderim,
3790 3676 4219 3779 impeditus,

1067 3794 1412 3873 hostibus
1453 3796 1711 3867 eiectis
1745 3797 1992 3871 statim
2028 3794 2174 3867 sub
2208 3794 2433 3891 signis
2460 3791 2871 3867 Borussicis
2908 3792 3245 3883 militavi,
3290 3820 3549 3868 mense
3574 3794 3775 3868 Maio
3796 3798 3975 3868 anni
4007 3802 4222 3871 1814.

1069 3914 1536 4017 expediens
1509 3939 1588 3984 m
1629 3910 1814 3986 belli
1854 3913 2448 3987 commissarium
2488 3914 2765 3986 tertiae
2801 3916 3177 3988 exercitus
3216 3914 3449 4017 partis
3490 3926 3825 3988 vocatus.

1321 4027 1536 4108 Bello
1579 4028 1790 4107 finito
1833 4057 2078 4135 quum
2113 4034 2320 4133 reges
2349 4033 2906 4137 principesque,
2964 4036 3103 4134 qui
3139 4032 3230 4106 de
3256 4032 3704 4108 Germaniae
3748 4044 3946 4109 statu
3980 4034 4229 4111 decen

1067 4166 1360 4245 nerent,
1406 4139 1902 4229 vindobonae
1943 4154 2489 4238 convenissent,
2538 4165 2855 4257 patrem,
2912 4178 3002 4226 eo
3044 4165 3382 4255 tempore
3421 4148 3759 4259 plurium
3793 4156 4225 4259 principum

1067 4272 1360 4373 negotia
1396 4266 1815 4381 gerentem,
1851 4272 1933 4343 in
1969 4270 2426 4380 praeclaram
2458 4268 2655 4345 hanc
2690 4269 2959 4346 urbem
2999 4285 3074 4346 et
3102 4275 3319 4347 istinc
3346 4268 3813 4360 Berolinum‚
3852 4277 4221 4378 secretarii

1067 4392 1232 4464 vice
1263 4388 1614 4489 fungens,
1655 4418 1824 4466 sum
1851 4413 2181 4478 secutus,
2223 4405 2297 4465 et
2322 4392 2638 4492 negotiis
2666 4394 2975 4493 peractis
3002 4418 3322 4467 assessor
3354 4418 3687 4466 camerae
3710 4394 4165 4468 nominatus.

1318 4508 1547 4580 Initio
1615 4509 1882 4583 deinde
1945 4514 2116 4582 anni
2183 4511 2373 4585 1817
2451 4508 2982 4585 Serenissimus
3045 4514 3394 4614 princeps
3472 4537 3521 4585 A
3564 4509 4217 4587 Sama-Housman

1069 4623 1582 4703 consiliarium
1647 4625 2016 4703 conclavis
2087 4630 2749 4731 (Kabinets-Racla)
2814 4656 2937 4703 me
2999 4627 3437 4733 appellavit,
3523 4634 3753 4731 quem
3820 4626 4221 4732 Gottingae

1070 4772 1248 4821 eum
1297 4746 1538 4848 sequi,
1595 4770 1736 4819 nec
1785 4769 1944 4818 non
1997 4772 2173 4820 cum
2233 4774 2324 4823 eo
2379 4747 2916 4851 praelectiones
2961 4749 3442 4851 frequentare
3484 4760 3562 4821 et
3616 4759 3955 4851 repetere
3994 4750 4223 4826 simul

1069 4864 1306 4942 iussit.
1413 4862 1646 4960 Quod
1709 4892 1886 4939 cum
1937 4867 2260 4939 maxime
2311 4893 2563 4941 ansam
2611 4869 2800 4944 mihi
2852 4868 3169 4966 dederit,
3226 4866 3469 4941 studia
3520 4864 3792 4944 dilecta
3840 4864 4216 4959 excolere,
