4742 5950
2019 413 2124 504 11

1639 967 2251 1070 CAPUT
2398 972 2481 1067 Ι.

991 1145 1492 1248 FUNCTIO
1549 1158 2368 1251 APPROXIMANS
2428 1159 3124 1278 QUAERITUR‚

1246 1327 1398 1394 UBI
1450 1325 1835 1395 VALORES
1881 1325 2056 1392 PRO
2096 1326 2875 1396 APPROXIMATIONE

1705 1441 1937 1509 SUNT
1979 1441 2404 1510 DISCRETI.

1685 1649 2276 1738 SECTIO
2371 1651 2451 1738 Ι.

859 1811 927 1868 81
962 1811 1170 1870 UNUS
1205 1812 1571 1872 EIUSMODI
1605 1813 1871 1874 VALOR
1909 1813 2057 1872 PRO
2095 1813 2385 1890 QUAVIS
2420 1813 2821 1874 VARIABILI
2855 1814 3261 1874 ABSOLUTA

1833 1909 2088 1967 DATUS
2125 1909 2279 1966 EST.

2012 2071 2102 2168 4.

479 2233 842 2358 Functio
895 2302 948 2379 φ
965 2339 986 2372 ,
1045 2309 1275 2385 quam
1323 2283 1756 2384 'quaerimus
1775 2335 1796 2370 ‚
1851 2279 1974 2357 vel
2023 2280 2248 2386 plane
2265 2335 2286 2370 ,
2341 2281 2421 2356 id
2472 2295 2610 2372 est,
2678 2282 2932 2384 quoad
2987 2285 3227 2387 ipsam
3277 2284 3635 2380 formam,

475 2414 597 2492 vel
647 2415 1126 2494 solummodo
1179 2420 1433 2521 quoad
1483 2432 1906 2494 constantes
1955 2431 2046 2493 ut
2096 2422 2479 2521 incognita
2526 2445 2663 2495 seu
2715 2418 3271 2495 determinanda
3322 2423 3641 2526 spectari

471 2567 746 2658 potest.
856 2555 1093 2652 Quod
1129 2583 1312 2632 vero
1355 2555 1444 2629 ad
1491 2554 1712 2630 illum
1759 2583 2018 2630 casum
2069 2558 2360 2645 attinet,
2419 2557 2667 2630 statim
2713 2559 3189 2659 perspicitur,
3247 2558 3643 2663 problema

472 2718 618 2795 pro
677 2695 1327 2796 approximatione
1402 2695 1483 2764 in
1547 2717 1819 2793 genere
1881 2691 2106 2794 plane
2173 2692 2837 2766 indeterminatum
2898 2719 3053 2769 esse
3074 2751 3096 2783 ,
3167 2697 3451 2800 quippe
3514 2702 3641 2774 cui

473 2829 890 2904 innumeris
943 2829 1188 2904 modis
1241 2826 1574 2903 satisfieri
1614 2829 1854 2929 possit
1869 2879 1892 2912 ,
1951 2853 2094 2928 pro
2149 2854 2444 2900 summa
2484 2839 2739 2902 autem
2775 2831 3421 2930 approximatione
3458 2861 3640 2937 pro-

471 2963 722 3041 blema
773 2978 1044 3068 sponte
1093 2963 1432 3041 solutum
1479 2990 1662 3053 esse,
1721 2960 2076 3066 ponendo
2129 2963 2495 3063 &definite
2546 2984 2601 3063 φ
2640 2997 2732 3033 =
2748 2965 2832 3068 f

729 3103 989 3177 Restat
1040 3105 1293 3203 itaque
1351 3128 1564 3177 casus
1619 3101 2018 3176 secundus.
2127 3098 2369 3175 Cuius
2422 3116 2772 3204 respectu
2835 3128 3013 3177 cum
3062 3107 3313 3179 statim
3358 3123 3633 3208 pateat,

477 3240 905 3340 aequationi
959 3258 1012 3337 φ
1038 3272 1131 3309 =
1145 3241 1222 3342 f
1254 3238 1676 3314 substitutis
1724 3235 2114 3313 valoribus
2151 3264 2300 3341 pro
2351 3241 2997 3342 approximatione
3054 3243 3261 3343 (ergo
3303 3241 3640 3347 definite)

477 3402 771 3480 semper
817 3375 1154 3451 satisfieri
1205 3400 1451 3477 posse,
1509 3376 1569 3449 si
1622 3376 1781 3476 ipsa
1827 3394 1880 3473 φ
1917 3372 2045 3450 vel
2091 3402 2324 3449 unam
2360 3377 2884 3452 tantummodo
2925 3382 3421 3477 quantitatem
3456 3406 3637 3457 con·

380 3482 388 3487 .
475 3526 796 3589 stantem
829 3508 1328 3586 'arbitrariam
1387 3511 1760 3597 continet,
1845 3510 2240 3586 manifesto
2307 3510 2401 3584 de
2456 3513 2722 3583 maiori
2786 3514 3431 3613 approximatione
3493 3544 3638 3619 pro

473 3647 826 3755 pluribus
901 3644 1414 3725 constantibus
1477 3645 1882 3720 arbitrariis
1943 3649 2098 3723 sive
2174 3646 2268 3720 de
2330 3645 2566 3747 gradu
2629 3650 3290 3750 approximationis
3308 3707 3329 3740 ,
3406 3678 3639 3754 quem

475 3813 620 3892 pro
661 3784 780 3861 his
821 3770 1184 3887 attingere
1221 3782 1469 3872 liceat,
1527 3809 1570 3857 e
1615 3780 2047 3857 differentiis
2099 3780 2576 3857 solummodo
2628 3785 2823 3857 inter
2873 3782 3163 3860 valores
3213 3786 3637 3890 dependen-

475 3924 570 3997 tis
622 3926 957 4027 ipsarum
995 3925 1072 4025 f
1110 3934 1187 3996 et
1238 3940 1291 4019 φ
1340 3948 1487 4025 pro
1552 3919 1715 3994 aliis
1776 3917 2447 4022 independentium
2497 3918 2880 3996 valoribus
2930 3924 3195 3997 vicinis
3248 3924 3639 4001 diiudicari

476 4074 750 4165 potest.
871 4059 996 4134 Ad
1054 4057 1536 4133 inveniendas
1599 4059 1856 4157 itaque
1906 4054 2128 4131 hasce
2181 4056 2667 4148 differentias,
2741 4056 3169 4157 evolvamus
3234 4076 3637 4166 utramque

473 4180 951 4272 functionem
1024 4198 1106 4270 in
1174 4197 1442 4271 seriem
1510 4192 2112 4298 progredientem
2177 4193 2597 4270 secundum
2663 4207 3061 4299 potestates
3130 4208 3205 4271 et
3266 4198 3639 4300 producta

477 4337 1166 4422 incrementorum3
1241 4358 1400 4434 qno
1461 4330 1664 4405 facto
1735 4333 1982 4411 statim
2046 4356 2202 4407 sese
2267 4330 2773 4406 manifestabit
2794 4388 2817 4421 ‚
2858 4305 2863 4311 .
2898 4334 3297 4407 maximam
3366 4362 3635 4440 appro-

477 4472 1051 4579 pinquationem
1102 4468 1434 4573 prodire,
1502 4471 1562 4544 si
1617 4471 1806 4544 effici
1866 4482 2150 4573 potest,
2232 4483 2324 4545 ut
2376 4482 2491 4545 tot
2544 4470 2845 4544 termini
2908 4472 3309 4573 utriusque
3372 4472 3634 4549 evolu-

477 4611 702 4695 tionis
742 4611 1200 4713 conspirent,
1255 4620 1448 4709 quot
1493 4604 1770 4681 adsunt
1817 4608 1898 4681 in
1954 4605 2350 4681 functione
2404 4626 2457 4705 φ
2514 4618 2961 4681 constantes.
3037 4607 3255 4705 Quae
3304 4637 3481 4685 cum
3531 4613 3635 4683 ita

482 4748 656 4833 sint,
712 4758 1074 4848 tanquam
1113 4744 1696 4826 fundamentum
1736 4743 1970 4823 huius
2011 4742 2549 4847 disquisitionis
2611 4743 3097 4848 spectandum
3150 4759 3260 4820 est
3312 4772 3632 4848 sequens

477 4880 896 4959 theorema.

2982 5016 3121 5090 B2
