4742 5950
1977 375 2084 466 31

463 596 558 672 de
619 599 710 672 iis
762 600 903 671 erit
961 595 1546 706 disponendum,
1602 623 1670 670 e.
1718 620 1784 695 g.
1857 591 2304 669 methodum
2363 595 2856 668 minimorum
2926 594 3467 696 quadratorum
3530 603 3611 674 in

463 733 829 809 auxilium
865 733 1232 822 vocando,
1291 747 1382 807 ut
1431 731 1570 829 hae
1626 741 2071 822 constantes,
2131 744 2502 834 quantum
2542 729 2706 806 fieri
2739 729 2984 820 liceat,
3042 735 3611 835 aequationibus

458 870 553 943 ad
605 870 918 974 gradum
971 873 1366 970 (m-4-1)‘¹‘’⁸
1418 869 1919 973 spectantibus
1974 868 2447 944 satisfaciant.
2944 961 2956 969 .

708 1010 1000 1084 Verum
1055 1010 1256 1080 enim
1305 1033 1487 1082 vero
1538 1033 1680 1108 pro
1732 1034 1886 1077 una
1934 1003 2275 1079 variabili
2327 1001 2671 1078 absoluta
2722 1017 2795 1077 et
2845 1004 3016 1079 dato
3068 1003 3325 1080 valore
3377 1010 3611 1112 ipsius

455 1173 506 1219 n
537 1142 661 1221 vel
695 1173 793 1234 m,
833 1142 1300 1247 problemata
1333 1156 1510 1218 sunt
1547 1167 1842 1244 semper
1878 1139 2314 1244 simpliciter
2351 1139 2979 1240 determinata(¹).
3030 1141 3373 1217 Habetur
3409 1149 3613 1220 enim

510 1344 1420 1425 ¹·T0=··T¹-.-..-m÷1
1487 1363 1562 1417 et
1622 1301 3505 1463 ⁸T*¹—12⁸T²—1=-(-'⁸—‘*'¹)2AEss²)—1‚

451 1536 829 1636 quantitas
867 1546 1120 1607 autem
1162 1536 1341 1632 (ιι-ι·
1359 1537 1423 1632 1)
1469 1536 1734 1633 (1242)
1781 1560 2076 1638 semper
2115 1547 2227 1610 est
2273 1562 2636 1611 numerus
2677 1563 2842 1639 par,
2899 1534 3103 1608 unde
3142 1562 3285 1639 pro
3326 1539 3607 1638 (ηι-ι-ι)

449 1670 756 1774 prodire
809 1670 1031 1746 dehet
1080 1696 1444 1746 numerus
1499 1674 1810 1774 integer.
1920 1672 2120 1746 Hinc
2171 1699 2314 1778 pro
2368 1701 2520 1746 una
2573 1671 2906 1747 variabili
2960 1670 3303 1748 absoluta
3352 1674 3609 1778 prodit

449 1808 648 1881 inter
697 1837 770 1881 m
823 1821 899 1881 et
948 1837 998 1881 n
1053 1810 1398 1909 aequatio

1647 1907 1932 1975 n²÷3n
2916 2003 2921 2008 ⁸
3206 1911 3379 2009 (IV
3404 1916 3484 2012 g)

1768 2025 1797 2068 2
1977 1969 2385 2029 =m÷1

697 2165 794 2237 In
849 2160 1369 2265 computandis
1426 2160 2007 2236 coefficientibus
2059 2160 2476 2235 functionis
2532 2165 3115 2264 approximantis
3166 2163 3607 2264 generaliter

446 2327 489 2373 e
525 2326 612 2372 re
663 2302 807 2374 erit
827 2356 848 2388 ,
921 2324 1180 2372 omnes
1233 2296 1839 2371 indeterminatos
1861 2353 1881 2384 ,
1947 2323 2190 2397 usque
2239 2295 2425 2370 dum
2476 2297 2562 2371 fit
2614 2296 3020 2373 eliminatio
3076 2326 3171 2374 ex
3220 2306 3603 2402 aequatio-

443 2436 670 2511 nibus
721 2435 790 2536 (I
804 2437 878 2536 b)
921 2432 1044 2508 vel
1091 2434 1315 2534 (Πὸ),
1374 2437 1725 2518 retinere,
1783 2431 1920 2506 ubi
1961 2459 2118 2506 sese
2157 2434 2691 2522 manifestabit,
2740 2461 2971 2536 quem
3013 2438 3283 2509 unitati
3326 2464 3600 2538 aequa-

442 2569 594 2647 lem
637 2597 947 2676 ponere,
1007 2568 1274 2646 calculi
1329 2567 1774 2674 compendio
1827 2572 2244 2760 convgniat.
2311 2659 2318 2664 ‚

695 2844 1014 2930 Eorum,
1072 2868 1266 2943 quae
1305 2838 1640 2914 articulis
1677 2836 2296 2944 praecedentibus
2339 2843 2676 2946 exposita
2716 2854 2921 2928 sunt,
2981 2845 3387 2943 geometria
3422 2842 3606 2921 ube·

442 3005 605 3055 rem
654 2979 961 3083 praebet
1014 2976 1635 3081 applicationem,
1710 2979 1995 3081 quippe
2045 2979 2328 3080 quibus
2382 2982 2624 3054 omnis
2674 2978 2962 3054 theoria
3012 2982 3479 3080 tangentium
3530 2994 3607 3056 et

442 3116 816 3192 linearum
869 3128 946 3189 et
994 3114 1588 3219 superficierum,
1656 3111 1917 3189 saltem
1968 3114 2224 3216 quoad
2261 3115 2707 3190 methodum
2748 3116 3133 3207 directam,
3176 3120 3474 3206 nititur,
3532 3132 3609 3195 et

447 3252 756 3356 quidem
821 3252 1113 3327 casibus
1183 3281 1230 3324 ω
1271 3286 1363 3320 =
1404 3277 1431 3323 1
1494 3263 1570 3325 et
1624 3281 1672 3323 w
1713 3284 1804 3319 =
1843 3257 1918 3327 2:
2014 3250 2471 3354 Designante
2524 3258 2725 3328 enim
2776 3282 2818 3327 z
2858 3288 2950 3323 =
2965 3257 3043 3355 f
3082 3256 3605 3356 aequationem

441 3390 731 3465 formae
782 3415 1085 3477 curvae,
1145 3390 1288 3462 erit
1340 3406 1393 3485 φ
1421 3412 1574 3458 =o
1642 3391 1796 3461 sive
1865 3386 1908 3477 ζ
1930 3407 2128 3486 =<p,
2189 3392 2534 3489 aequatio
2584 3393 2991 3487 tangentis,
3063 3394 3472 3489 quoniam,
3542 3396 3601 3465 si

443 3526 741 3602 functio
809 3543 862 3622 φ
929 3521 1282 3598 formulis
1342 3523 1408 3595 Ι.
1448 3524 1617 3622 (art.
1659 3524 1757 3619 4.)
1809 3519 1932 3596 vel
1979 3524 2085 3598 II.
2120 3525 2288 3622 (art.
2327 3525 2427 3622 6.)
2476 3520 2915 3626 respondet,
2988 3519 3127 3597 alia
3178 3522 3417 3625 figura
3465 3552 3605 3629 per

317 3746 324 3753 ,
445 3664 970 3765 aequationem
1018 3690 1083 3754 χ
1120 3694 1211 3729 =
1249 3684 1284 3733 o
1335 3672 1840 3763 representata
1899 3658 1991 3734 ad
2041 3659 2361 3761 figuram
2412 3661 2876 3764 propositam
2924 3660 3056 3763 (s)
3107 3664 3422 3764 propius
3476 3689 3599 3737 ac-

446 3800 743 3889 cedere,
814 3801 968 3873 sive
1037 3801 1230 3871 inter
1299 3822 1462 3871 eam
1519 3810 1594 3875 et
1645 3795 1962 3898 figuram
2013 3800 2661 3900 approximantem
2727 3799 2865 3897 (φ)
2924 3800 3238 3873 transire
3298 3800 3591 3899 nequit,

445 3939 589 4012 nisi
643 3950 717 4010 et
764 3938 922 4040 ipsa
973 3933 1545 4037 aequationibus
1600 3936 1667 4009 I.
1725 3929 1847 4008 vel
1906 3932 2012 4008 II.
2071 3932 2517 4037 respondeat
2539 3990 2557 4021 ,
2630 3932 2706 4006 id
2772 3931 2983 4035 quod
3045 3948 3154 4009 est
3219 3936 3603 4009 criterium

447 4074 917 4175 tangentium
971 4071 1651 4147 characteristicum
1672 4126 1693 4158 ,
1753 4069 1961 4172 quod
2009 4096 2148 4174 per
2197 4068 2642 4146 methodum
2696 4069 3311 4145 demonstrationi
3364 4085 3503 4145 art.
3532 4076 3599 4143 4.

445 4208 833 4311 analogam
900 4208 1294 4285 deducitur
1319 4209 1454 4308 (2).
1565 4206 1735 4282 Sint
1790 4234 1857 4281 e.
1911 4234 1983 4309 g.
2037 4210 2517 4311 aequationes
2568 4206 2993 4310 superficiei
3044 4210 3469 4311 propositae
3526 4220 3603 4282 et

449 4350 812 4451 tangentis
872 4372 1072 4449 resp.
1121 4374 1164 4419 z
1205 4346 1386 4447 =f
1407 4345 1526 4444 (x,
1541 4346 1642 4445 y)
1703 4358 1779 4419 et

535 4644 640 4727 (¹)
729 4646 976 4704 Confer.
1019 4658 1219 4704 tamen
1262 4656 1378 4703 art.
1406 4644 1508 4704 10.
1553 4654 1616 4703 et
1658 4645 1758 4704 11.

537 4746 640 4829 (²)
725 4746 966 4808 Confer.
1010 4747 1324 4829 Lagi-ange
1365 4747 1602 4809 theorie
1631 4746 1736 4811 des
1767 4746 2075 4809 fonctions
2114 4747 2204 4807 H.
2239 4747 2453 4823 1.-12.,
2499 4767 2685 4831 porro
2706 4748 2813 4812 32.
2836 4767 2973 4830 sqq.
3006 4758 3067 4806 et
3100 4746 3203 4808 38.
3218 4766 3378 4828 sqq„
3422 4764 3599 4827 prae-

450 4850 661 4915 sertim
702 4850 768 4911 in
810 4848 1198 4911 translatione
1240 4850 1390 4912 clar.
1415 4850 1640 4914 Crelle.
