4742 5950
2654 383 2767 479 64

1131 617 1204 716 b)
1293 641 1656 718 quasnam
1719 641 1814 688 ex
1879 612 1994 686 his
2060 637 2206 716 pro
2271 609 2616 714 quolibet
2674 607 2985 688 illorum
3042 609 3397 686 adhibere
3452 563 3884 706 conveniat,
3956 642 4137 692 nam
4195 620 4275 692 in

1133 751 1398 826 eodem
1442 762 1833 856 systemate
1883 750 2248 824 eiusmodi
2283 747 2634 824 valorum
2674 753 2924 852 magni
2968 775 3185 854 saepe
3232 754 3591 825 momenti
3633 777 3789 828 esse
3824 768 4100 856 potest,
4158 783 4297 830 cu·-

1131 892 1424 965 iusnam
1481 889 1801 961 maxime
1851 886 2218 962 variabilis
2269 885 2658 962 absolutae
2708 902 3055 990 respectu
3103 886 3365 962 habito
3418 887 3713 965 functio
3758 895 4281 994 approximans

1130 1025 1222 1100 ad
1291 1022 1712 1100 absolutam
1745 1027 1824 1125 f
1868 1023 2194 1098 accedat.
2315 1024 2903 1123 Designantibus
2967 1049 3036 1098 e.
3086 1051 3159 1124 g.
3231 1026 3407 1126 ipsis
3474 1027 3541 1126 f
3580 1039 3656 1101 et
3720 1045 3775 1124 φ
3853 1027 4284 1132 superficies

1131 1163 1488 1266 quasdam
1537 1160 1924 1236 machinae
1976 1158 2291 1235 alicuius
2343 1161 2423 1233 in
2474 1161 2805 1263 punctis,
2860 1185 3056 1262 quae
3092 1159 3551 1263 respondent
3599 1161 3983 1242 valoribus
4018 1193 4273 1260 .:r:=a¹

1129 1314 1204 1375 et
1240 1329 1357 1395 a„
1395 1330 1466 1401 y
1489 1334 1580 1368 =
1601 1303 1672 1393 b¹
1717 1312 1792 1373 et
1820 1303 1932 1392 b„
1989 1323 2146 1373 sese
2187 1309 2600 1397 tangentes,
2656 1310 3051 1372 moveatur
3098 1309 3425 1400 utraque
3474 1297 3732 1372 eadem
3785 1298 4154 1376 celeritate
4203 1304 4285 1376 in

1129 1435 1536 1513 directione
1587 1436 2081 1510 abscissarum
2117 1461 2178 1507 x
2198 1490 2221 1523 ,
2293 1437 2595 1536 sintque
2655 1445 3036 1510 momenta
3087 1437 3183 1508 in·
3215 1448 3505 1537 puncto
3546 1433 3997 1513 coordinatis
4048 1467 4128 1533 a¹
4147 1496 4167 1528 ,
4198 1444 4273 1533 b,

1124 1574 1623 1679 respondente
1679 1570 1839 1646 aliis
1895 1574 2215 1661 maiora3
2297 1584 2483 1646 tunc
2546 1571 2640 1644 ad
2706 1570 3159 1673 augendam,
3242 1585 3615 1674 quatenus
3680 1599 3771 1646 ex
3840 1571 4287 1652 adhaesione

1127 1715 1374 1788 oritur
1393 1768 1413 1800 ‚
1486 1710 1919 1785 frictionem
1938 1764 1960 1797 ,
2035 1734 2228 1811 quae
2277 1707 2635 1811 impediat
2684 1706 2857 1782 dato
2910 1721 3277 1811 tempore,
3334 1734 3492 1811 quo
3546 1711 3797 1785 minus
3862 1707 4091 1785 altera
4155 1739 4281 1788 su-

1123 1849 1456 1953 perficies
1496 1859 1918 1931 ‚moveatur
1937 1901 1958 1934 ,
2041 1844 2290 1921 facere
2353 1858 2630 1949 potest,
2698 1859 2789 1919 ut
2849 1858 3237 1920 contactus
3304 1848 3393 1949 in·
3465 1859 3756 1948 puncto
3831 1848 4279 1924 coordinatis

1121 2013 1239 2079 a„
1280 1991 1353 2078 b¹
1401 1985 1922 2086 respondente,
1969 2009 2202 2082 quam
2253 1985 2623 2054 maximus
2663 1979 3045 2069 reddatur,
3091 1983 3501 2085 praecipue
3550 1996 3899 2086 respectu
3949 1988 4283 2088 ipsarum

1122 2151 1184 2196 x
1205 2177 1226 2210 ,
1271 2123 1586 2194 ‘etiamsi
1651 2132 2037 2195 contactus
2102 2119 2181 2190 in
2244 2116 2556 2219 reliquis
2622 2120 2922 2220 punctis
2983 2119 3317 2221 primum
3376 2115 3895 2195 tantummodo
3963 2123 4281 2222 gradum

1119 2261 1411 2359 assequi
1462 2259 1720 2359 possit.
1765 2279 1770 2284 ·
1813 2251 2048 2329 Aliud
2096 2230 2536 2357 exemplum
2588 2257 3040 2330 astronomia
3092 2256 3540 2358 suppeditat,
3598 2259 3895 2358 quoties
3945 2257 4038 2330 ad
4080 2285 4279 2335 com-

1118 2385 1540 2499 putandum
1598 2391 2174 2496 phaenomenon
2243 2390 2629 2492 quoddam
2701 2391 2985 2467 orbitae
3054 2395 3387 2496 corporis
3460 2389 3801 2468 coelestis
3862 2419 4081 2469 verae
4147 2424 4277 2500 ap-

1117 2533 1540 2634 proximata
1592 2529 2102 2617 substituitur,
2158 2528 2633 2629 maximaque
2688 2530 3233 2629 approximatio
3284 2555 3428 2630 pro
3478 2529 3727 2605 medio
3780 2529 4276 2632 phaenomem‘

1119 2667 1608 2753 desideratur,
1653 2691 1851 2767 quae
1891 2691 2070 2740 vero
2113 2663 2266 2738 hoc
2307 2690 2485 2738 casu
2527 2666 2963 2766 praesertim
3004 2667 3185 2738 scite
3226 2661 3583 2766 eligendis
3618 2663 4002 2742 valoribus
4038 2697 4156 2762 a„
4184 2699 4289 2764 af

1119 2807 1510 2879 obtinetur
1528 2835 1548 2892 3
1631 2830 1698 2878 e.
1740 2828 1811 2904 g.
1875 2800 2059 2876 dum
2111 2799 2406 2903 eclipsis
2484 2799 2902 2876 secundum
2969 2803 3452 2903 proiectionis
3518 2801 3961 2879 methodum
4027 2803 4275 2882 calcu-

1116 2939 1357 3031 latur,
1443 2966 1586 3045 pro
1655 2939 1954 3017 duobus
2018 2937 2484 3041 temporibus
2546 2934 2713 3013 loca
2774 2940 3107 3040 corporis
3168 2937 3634 3015 obscurantis
3684 2936 3967 3042 (lunae)
4019 2945 4275 3046 requi-

1115 3094 1420 3165 runtur,
1479 3078 1759 3181 quibus
1808 3076 2074 3151 deinde
2127 3076 2387 3151 orbita*
2416 3072 2797 3150 rectilinea
2842 3079 3415 3178 superstruitur,
3472 3090 3810 3177 tempora
3850 3090 4103 3153 autem
4143 3079 4275 3154 illa

1117 3214 1564 3318 generaliter
1615 3218 1716 3287 ita
1761 3212 2172 3312 eliguntur,
2243 3226 2359 3297 ut,
2418 3226 2789 3314 quantum
2831 3213 3199 3315 praespici
3238 3213 3472 3313 possit
3492 3267 3511 3299 ,
3568 3227 4041 3289 momentum
4090 3242 4271 3292 con-

1113 3354 1524 3427 iunctionis
1591 3353 1674 3424 in
1753 3351 2212 3425 ascensione·
2257 3360 2461 3425 recta
2542 3350 2637 3423 ab
2716 3360 3050 3451 utroque
3134 3361 3477 3451 tempore
3540 3349 3807 3424 eodem
3868 3352 4267 3429 intervallo

1116 3491 1336 3566 distet
1397 3489 1460 3589 (¹
1477 3493 1534 3590 ).

1370 3625 1618 3728 Supra
1671 3624 1956 3699 dictum
2007 3616 2164 3699 est?
2229 3622 2669 3724 generaliter
2715 3620 3103 3726 loquendo
3154 3625 3513 3699 existente
3562 3628 3635 3699 R
3666 3645 3747 3708 <
3780 3628 3871 3703 N
3916 3625 4266 3730 pluribus

1113 3766 1650 3865 aequationum
1687 3764 1751 3835 Ι.
1808 3760 1933 3836 vel
1971 3762 2073 3835 ΙΙ.
2148 3757 2483 3835 satisfieri
2546 3784 2802 3864 posse,
2873 3784 3050 3831 nam
3111 3786 3323 3836 casus
3392 3758 3700 3848 dantur,
3772 3789 3964 3863 quos
4019 3768 4263 3869 excipi

1114 3913 1448 4003 oportet,
1522 3900 1636 3973 uti
1687 3900 1768 3971 in
1821 3895 2166 3999 exemplo
2217 3899 2468 3999 primo
2497 3886 2662 3972 art.
2716 3896 3224 3999 praecedentis
3244 3954 3263 3985 ,
3335 3902 3696 4005 existente
3752 3898 4008 4001 aliquo
4062 3900 4267 3979 valo·

1195 4253 1282 4337 (¹)
1367 4258 1532 4315 Inter
1555 4254 1735 4337 plura
1762 4275 1963 4339 opera,
2007 4275 2162 4338 quae
2188 4253 2264 4315 de
2293 4240 2413 4316 hoc
2448 4265 2810 4337 argumento
2837 4251 3154 4314 occasione
3180 4274 3433 4339 magnae
3468 4253 3714 4337 eclipsis
3750 4254 3896 4316 solis
3928 4256 4076 4317 anni
4102 4258 4256 4317 1820

1105 4358 1414 4443 prodiere,
1459 4358 1796 4419 dissertatio
1838 4358 2216 4442 inauguralis
2263 4359 2377 4420 cel.
2406 4357 2671 4439 Gerling
2718 4356 3121 4438 praecipuum
3168 4356 3376 4419 locum
3429 4370 3625 4432 tenet,
3694 4378 3813 4440 qua
3868 4357 4074 4441 plures
4124 4378 4261 4419 me-

1107 4460 1282 4525 thodi
1321 4460 1706 4522 celeberrimi
1735 4464 1930 4523 Gauss
1966 4462 2090 4523 huc
2125 4476 2460 4545 spectantes
2502 4461 2807 4544 expositae
2850 4473 3016 4521 sunt.
3090 4462 3208 4533 His
3244 4460 3507 4543 aliisque
3533 4484 3570 4522 a
3595 4460 3863 4521 maximo
3898 4460 4261 4543 praeclaris-

1103 4567 1381 4648 simoque
1433 4565 1552 4625 hoc
1592 4578 1894 4646 geometra
1931 4565 2370 4651 benignissime
2396 4563 2884 4639 communicatis,
2922 4584 3037 4624 nec
3072 4586 3200 4625 non
3234 4564 3554 4640 subsidiis,
3610 4584 3763 4646 quae
3794 4564 4077 4627 locorum
4102 4566 4259 4629 vici-

1105 4672 1264 4733 nitas
1311 4666 1829 4743 subministravit,
1885 4682 2063 4729 autor
2104 4671 2291 4731 huius
2331 4668 2615 4753 opusculi
2658 4688 2803 4729 usus
2850 4681 2939 4728 est
2988 4668 3295 4730 calculans
3330 4668 3489 4729 hanc
3524 4666 3779 4753 eclipsin
3816 4690 3932 4752 pro
3973 4669 4256 4753 pluribus

1103 4774 1560 4857 provinciarum
1615 4770 2046 4833 Rhenanamm
2107 4787 2168 4833 et
2221 4772 2799 4856 Guestphalicarum
2847 4771 3024 4835 locis.
3110 4774 3451 4835 Rkeiniseh
3464 4772 3617 4835 -W
3608 4774 4063 4855 estphdlischer
4118 4776 4259 4837 An·-

1105 4881 1303 4958 zeiger
1331 4879 1505 4940 1820.
1553 4878 1670 4937 No.
1691 4875 1786 4939 69.
