4742 5950
2059 424 2117 514 5

497 667 728 717 unum
781 644 1264 716 tantummodo
1312 645 1630 718 valorem
1680 645 1980 720 alicuius
2029 645 2389 720 variabilis
2423 645 2735 745 finitum
2782 646 3151 748 producit,
3210 653 3335 720 cui
3378 652 3679 722 inveniri

497 807 642 854 non
684 798 922 879 potest
969 783 1400 883 respondens
1449 783 1594 879 legi
1635 783 1989 856 indicatae
2037 785 2505 884 sataelsfaoeism.

703 889 706 894 .
753 917 870 992 Ex
924 916 1066 993 hac
1117 918 1558 994 definitione
1608 917 1832 1021 plura
1883 917 2131 995 adhuc
2185 917 2453 996 deduci
2505 934 2849 1024 possunt,
2908 921 3189 1024 quibus
3238 919 3669 998 functiones

497 1055 904 1130 continuae
957 1069 1032 1128 et
1081 1053 1602 1130 discontinuae
1651 1055 2032 1130 differunt.
2141 1055 2339 1130 Nam
2391 1069 2477 1131 ut
2541 1053 3016 1131 functionem
3081 1061 3520 1134 continuam
3572 1031 3673 1132 di·

493 1215 671 1265 cere
715 1188 962 1278 liceat,
1022 1216 1065 1265 e
1103 1187 1265 1293 lege
1319 1194 1830 1268 continuitatis
1881 1193 2205 1269 indicata
2255 1195 2629 1298 sequitur,
2688 1219 2882 1296 opus
2935 1218 3121 1282 esse,
3179 1209 3269 1270 ut
3296 1194 3398 1292 de
3438 1199 3674 1269 omni-

499 1326 648 1401 hus
711 1327 1144 1404 differentiis
1209 1330 1406 1403 inter
1466 1329 1686 1405 binos
1740 1329 2228 1433 dependentis
2290 1329 2579 1406 valores
2633 1330 2941 1404 iudicari
2996 1335 3274 1435 possit,
3331 1333 3411 1406 id
3461 1332 3669 1434 quod

495 1461 944 1565 generaliter
995 1465 1156 1542 fieri
1208 1469 1476 1568 nequit
1495 1524 1516 1555 ,
1583 1468 1725 1542 nisi
1776 1465 1906 1543 lex
1927 1524 1949 1557 ,
2004 1495 2155 1570 qua
2207 1466 2491 1572 pendet
2540 1470 2622 1541 in
2673 1470 3059 1571 proposita
3109 1468 3509 1544 functione
3564 1496 3672 1543 re-

491 1599 718 1677 lative
767 1602 1142 1677 variabilis
1195 1603 1290 1677 ab
1345 1601 1734 1693 absolutis,
1793 1603 2164 1709 analytice
2218 1606 2538 1708 exprimi
2591 1617 2840 1708 potest
2855 1661 2876 1693 ‚
2944 1609 3101 1682 sive
3164 1608 3309 1680 nisi
3371 1605 3669 1682 functio

497 1751 612 1814 est
659 1737 1070 1843 analytica3
1136 1740 1614 1815 functionem
1665 1755 1917 1816 autem
1957 1743 2520 1822 ,discontinuam
2572 1768 2766 1829 esse,
2832 1745 3080 1817 statim
3130 1745 3665 1846 perspicimus»,

493 1878 632 1952 etsi
697 1878 948 1952 minus
1014 1875 1220 1953 illam
1283 1880 1659 1979 cognitam
1718 1876 2124 1966 habemus,
2192 1878 2379 1953 dum
2430 1882 2707 1954 scimus
2728 1933 2749 1966 ,
2818 1879 2901 1952 in
2962 1875 3343 1954 valoribus
3408 1881 3667 1997 unius,

493 2011 883 2087 cuiusdam
933 2013 1308 2090 variabilis
1367 2012 1670 2102 saltum,
1727 2032 1817 2091 ut
1863 2019 1966 2111 ita
2023 2015 2290 2103 dicam,
2349 2015 2601 2091 adesse
2628 2015 2767 2116 (¹).

745 2149 952 2226 Haec
1013 2165 1266 2227 autem
1330 2151 1708 2228 variabilis
1731 2208 1753 2241 ‚
1823 2155 2066 2255 quam·
2115 2179 2487 2257 ponamus
2536 2185 2627 2222 =
2677 2155 2783 2240 V,
2852 2168 3057 2228 certo
3109 2167 3299 2229 tunc
3346 2179 3495 2258 pro
3548 2154 3673 2228 de-

489 2287 848 2391 pendenti
887 2287 1231 2365 habenda
1271 2303 1408 2378 est,
1465 2291 1645 2392 quia
1693 2290 1758 2364 si
1808 2289 2487 2394 independentibus
2538 2288 3103 2378 adnumeratur,
3160 2318 3403 2365 omnes
3444 2273 3511 2365 ei
3552 2319 3672 2366 va-

490 2420 720 2514 lores‚
778 2427 1034 2528 itaque
1075 2430 1294 2502 etiam
1344 2453 1502 2514 eos,
1560 2428 1694 2529 qui
1742 2429 1939 2502 intra
1988 2423 2468 2502 intervallum
2506 2431 2585 2514 I,
2641 2427 2853 2529 quod
2897 2425 3127 2502 saltus
3172 2425 3299 2502 ille
3348 2426 3671 2531 comple-

491 2564 752 2650 ctitur,
809 2565 929 2637 siti
979 2576 1186 2650 sunt,
1243 2564 1578 2640 tribuere
1626 2563 1830 2641 licet.
1907 2565 2078 2639 Hoc
2130 2579 2385 2640 autem
2436 2591 2615 2640 casu
2663 2591 2847 2638 cum
2893 2567 3307 2640 necessario
3358 2562 3502 2638 alia
3552 2593 3671 2640 va-

491 2696 807 2788 riabilis,
865 2727 1098 2802 (suam
1137 2687 1512 2804 ponamus
1551 2735 1644 2770 =
1678 2705 1760 2778 V
1767 2703 1814 2788 '‚
1871 2727 2012 2804 pro
2067 2700 2519 2804 dependenti
2571 2701 3014 2776 assumenda
3065 2705 3187 2791 sit,
3244 2716 3472 2804 patet,
3528 2728 3669 2805 per

491 2838 986 2910 mutationem
1041 2839 1280 2940 ipsius
1339 2840 1429 2913 V
1467 2839 1663 2911 intra
1727 2833 2210 2910 intervallum
2257 2839 2310 2910 I
2373 2835 2927 2939 dependentem
3000 2839 3117 2915 V.‘
3168 2841 3669 2915 mutationem

491 2969 783 3048 nullam
847 2975 1226 3077 recipere,
1303 2975 1483 3075 quia
1546 3000 1722 3049 casu
1784 2975 2084 3049 inverso
2150 2945 2309 3072 (rel
2358 2976 2539 3077 ipsis
2600 2978 2691 3051 V
2729 2986 2807 3048 et
2864 2978 2950 3053 V
2951 2981 2967 3013 ¹
3018 2978 3503 3077 permutatis)
3573 3004 3671 3052 ex

489 3108 896 3215 hypothesi
962 3107 1256 3185 valores
1325 3110 1634 3212 quidam
1700 3112 1936 3213 ipsius
2013 3114 2098 3185 V
2104 3117 2120 3149 ¹
2174 3110 2596 3185 immediate
2657 3112 2889 3185 vicini
2950 3108 3075 3185 vel
3142 3116 3470 3213 proximi
3522 3139 3670 3215 pro
3792 3115 3797 3119 ’

577 3354 662 3438 (¹)
745 3358 908 3419 Sunt
946 3356 1242 3441 quaedam
1281 3356 1634 3419 functiones
1671 3358 1998 3420 continuae
2013 3402 2032 3433 ‚
2088 3358 2157 3420 in
2199 3356 2429 3441 quibus
2469 3356 2657 3419 saltus
2697 3358 2885 3419 etiam
2928 3356 3077 3419 tales
3117 3356 3317 3419 adesse
3356 3357 3665 3435 videntur,

491 3460 726 3543 'quippe
781 3460 850 3521 in
901 3462 1132 3545 quibus
1182 3460 1354 3524 valor
1405 3458 1802 3541 dependentis
1854 3462 1920 3521 in
1973 3462 2294 3523 infinitum
2341 3462 2515 3523 abeat
2529 3506 2547 3534 ,
2617 3460 2769 3521 dum
2820 3460 3122 3519 elementa
3178 3462 3350 3522 finita
3388 3476 3637 3523 manent
3644 3487 3662 3539 ;

491 3563 622 3624 uti=
657 3587 710 3641 y
735 3590 808 3618 =
836 3580 976 3643 tgx
1018 3585 1134 3647 pro
1174 3586 1230 3624 x
1255 3588 1329 3617 --.·
1353 3560 1476 3644 {fn--
1562 3563 1798 3623 Verum
1848 3563 2018 3623 enim
2064 3585 2208 3625 vero
2259 3584 2457 3647 quum
2506 3560 2575 3623 hi
2617 3560 2849 3623 valor-es
2888 3581 3015 3621 non
3054 3562 3259 3625 subito
3298 3586 3333 3623 a
3374 3564 3551 3627 finito
3592 3566 3668 3629 ad

492 3664 808 3727 infinitum
857 3666 1109 3742 saliant,
1165 3666 1270 3729 sed
1319 3666 1546 3727 sensim
1593 3667 1940 3750 sensimque
1983 3686 2060 3729 eo
2101 3668 2444 3728 increscant
2488 3680 2551 3727 et
2603 3664 2746 3727 inde
2785 3664 3131 3727 decrescant
3144 3712 3165 3742 ‚
3221 3666 3409 3727 saltus
3459 3688 3666 3731 revera

490 3792 620 3833 non
658 3769 894 3833 adsunt.
975 3772 1263 3835 Ceterum
1295 3773 1350 3833 si
1393 3770 1860 3855 independentis
1897 3770 2126 3847 valore,
2171 3772 2280 3854 qui
2328 3769 2534 3831 reddit
2574 3754 3015 3853 dependentem
3056 3771 3315 3847 finitam,
3358 3781 3663 3853 superato,

488 3874 742 3959 signum
781 3874 1183 3959 dependentis
1221 3890 1518 3951 mutatur,
1562 3875 1732 3937 valor
1774 3876 1888 3939 iste
1929 3874 2168 3959 duplici
2211 3877 2393 3960 signo
2432 3876 2494 3935 τὲ.
2534 3868 2799 3937 affectus
2822 3875 2973 3951 erit;
3019 3896 3215 3958 quum
3255 3894 3493 3959 semper
3532 3890 3669 3937 tan-

491 4000 678 4062 quam
696 3998 772 4041 ex
791 3978 1076 4057 divisore,
1105 3981 1216 4065 qui
1235 4002 1348 4063 pro
1366 3982 1556 4043 hocce
1577 3979 2044 4063 independentis
2061 3980 2266 4043 valore
2293 3980 2563 4062 aequalis
2594 3979 2665 4040 fit
2694 3978 2921 4055 nihilo,
2967 3990 3139 4039 ortus
3163 3980 3421 4061 spectari
3446 3981 3661 4064 possit,

493 4081 768 4145 nihilum
805 4096 1010 4145 autem
1040 4105 1169 4146 non
1187 4098 1476 4147 ‘mutetur
1489 4126 1508 4159 ‚
1559 4096 1702 4147 utro
1735 4085 1915 4169 signo
1949 4084 2267 4147 afficiatur.
2340 4082 2583 4146 Deinde
2614 4084 2802 4145 etiam
2829 4064 3175 4145 functiones
3202 4082 3498 4166 quaedam
3536 4084 3667 4146 dis-

489 4187 820 4249 continuae
861 4188 1154 4265 existunt,
1199 4189 1426 4273 quibus
1466 4187 1570 4251 Iex
1609 4189 2036 4251 continuitatis
2072 4201 2417 4272 competere
2454 4186 2649 4252 videri
2690 4188 2916 4271 possit3
2984 4185 3273 4249 videlicet
3310 4206 3413 4248 eae
3428 4232 3447 4263 ‚
3512 4208 3667 4271 quae

491 4310 570 4355 ex
615 4292 894 4375 partibus
945 4292 1312 4378 quibusdam
1364 4292 1758 4355 functionum
1805 4294 2238 4356 continuarum
2283 4292 2655 4376 compositae
2698 4306 2877 4353 sunt:
2935 4311 2993 4351 e.
3010 4312 3074 4377 g.
3096 4314 3237 4371 y=
3256 4317 3297 4351 α
3316 4307 3396 4360 -Ι-
3415 4286 3538 4360 [3oe
3588 4293 3664 4353 ab

493 4416 714 4457 :nno
777 4416 970 4481 usque
1029 4396 1106 4459 ad
1165 4418 1439 4474 ,ιι-πα,
1501 4393 2201 4477 deindey=oe÷l3
2245 4396 2529 4480 (ιι-σι’)
2584 4397 2661 4459 ab
2710 4419 2947 4457 x=a
2994 4416 3189 4479 usque
3240 4395 3318 4458 ad
3366 4411 3657 4473 xva-za,

480 4522 628 4578 ,r-
653 4526 694 4560 α
719 4516 799 4569 -Ι-
825 4495 950 4569 βα.-
989 4502 1066 4564 ab
1107 4524 1164 4564 x
1189 4528 1262 4557 =
1285 4517 1368 4564 za
1431 4522 1626 4586 usque
1672 4502 1750 4563 ad
1802 4525 1857 4564 x
1883 4528 1954 4557 =
1990 4518 2097 4579 3α,
2153 4517 2216 4564 et
2255 4502 2347 4564 sic
2398 4522 2586 4585 porro
2640 4500 3012 4564 alternative.
3095 4501 3266 4562 Hinc
3297 4520 3442 4563 vero
3473 4514 3661 4585 patet,

491 4604 796 4667 eiusmodi
851 4606 1044 4689 ipsius
1081 4628 1136 4685 y
1173 4606 1452 4669 valorum
1493 4606 1714 4669 seriem
1768 4606 2109 4692 improprie
2161 4620 2451 4691 tanquam
2490 4626 2566 4668 ex
2614 4628 2737 4667 una
2780 4604 2975 4689 ipsius
3014 4628 3070 4666 x
3086 4652 3097 4661 ,
3114 4604 3433 4667 functione
3470 4618 3665 4667 ortam

492 4708 752 4791 spectari
769 4755 788 4786 ‚
853 4730 999 4773 cum
1047 4730 1084 4773 e
1133 4711 1422 4796 pluribus
1475 4710 1824 4795 colligatur.
1910 4711 2198 4794 Denique
2246 4711 2660 4794 expressiones
2704 4710 3001 4795 quaedam
3040 4710 3137 4771 uti
3188 4708 3309 4783 ,ιι-0,
3391 4700 3447 4787 ⁸,
3469 4709 3516 4779 ’ζ
3541 4760 3572 4785 3

497 4810 710 4873 falsam
771 4814 1108 4878 functionis
1156 4816 1350 4901 ipsius
1385 4839 1430 4878 x
1485 4816 1757 4899 speciem
1808 4836 1954 4900 prae
2006 4836 2069 4877 se
2129 4818 2370 4893 ferunt,
2426 4835 2632 4880 revera
2680 4816 2851 4877 enim
2901 4815 2981 4877 ab
3035 4814 3165 4897 ipsa
3202 4835 3248 4874 x
3300 4810 3481 4894 plane
3532 4829 3659 4871 non

495 4912 786 4999 pendent.
