4742 5950
1984 397 2098 503 37

761 623 902 698 m.
959 621 1177 716 Quae
1212 619 1549 702 articulis
1601 632 1742 706 art.
1779 621 1846 694 5.
1899 631 1998 704 et:
2030 619 2094 694 7.
2144 619 2238 696 de
2287 618 2539 721 gradu·
2577 621 3235 724 approximationis
3290 625 3621 727 exposita

459 775 670 848 sunt,
735 761 897 838 sine·
955 757 1185 837 dubio
1237 757 1334 834 de
1381 757 1615 859 'gradu
1665 760 1819 832 sive
1870 756 2132 833 ordine
2184 755 2442 834 limitis
2495 784 2655 837 non
2705 761 2955 837 minus
3008 759 3475 859 generaliter·
3496 761 3613 837 lo·

463 923 648 976 cum
695 907 956 971 tenent
976 951 997 983 ,
1043 910 1298 998 ‚angue
1343 915 1490 998 pro
1545 914 1626 993 φ,
1657 917 1664 924 ·
1701 896 1762 970 si
1823 897 1966 970 erit
2017 895 2314 972 functio
2368 864 2778 996 algebraica
2796 951 2826 994 ,
2907 895 3207 973 functio
3260 895 3621 1000 implicita

461 1063 512 1108 ω
547 1053 638 1116 -Ι-
679 1058 708 1108 1
780 1031 1254 1116 variabilium
1320 1001 1464 1106 erit
1523 1031 1984 1133 accipienda.
2093 1033 2242 1106 Hic
2313 1058 2501 1106 vero
2570 1001 2864 1134 saepius
2916 1035 3215 1106 termini
3236 1086 3257 1120 ,
3330 1037 3465 1134 qui
3520 1033 3623 1109 ob

456 1172 827 1250 maiorem
877 1170 1460 1246 coe’fficientium·
1501 1193 1912 1245 numerum
1972 1170 2053 1241 in
2111 1165 2242 1249 tali
2293 1166 2541 1242 forma
2592 1169 3144 1244 indeterminati
3186 1184 3261 1244 et
3310 1196 3453 1274 pro
3498 1198 3625 1250 or-

459 1305 634 1384 dine
683 1307 1074 1407 superiore
1123 1307 1794 1408 approximationis
1846 1300 2020 1408 plus
2067 1313 2300 1406 quam
2365 1304 2834 1388 determinati
2902 1319 3080 1381 sunt
3099 1362 3121 1396 ,
3153 1329 3161 1336 ·
3193 1333 3287 1380 ex
3350 1333 3623 1409 aequa-

457 1445 665 1520 tione
715 1443 984 1545 prima,
1043 1439 1330 1518 scilicet
1401 1447 1558 1544 ‚Com
1591 1452 1882 1544 =P„J0·,
1937 1439 2158 1543 plane
2209 1441 2596 1517 reiiciendi
2650 1455 2863 1532 sunt3
2933 1446 3281 1546 insuper,
3336 1445 3623 1532 etiamsi

456 1578 686 1666 modo
740 1605 894 1655 una
951 1577 1326 1665 variabilis
1353 1577 1888 1682 -independens
1941 1578 2146 1654 adest
2164 1633 2186 1666 ,
2259 1578 2644 1654 interdum
2695 1580 2964 1654 accidit
2983 1636 3003 1669 ,
3075 1593 3167 1654 ut
3216 1579 3315 1657 ob
3366 1583 3623 1660 termi-

457 1742 600 1793 nos
671 1714 900 1790 hosce
961 1715 1402 1791 reiiciendos
1466 1715 1808 1801 ordinem
1868 1718 2531 1820 approximationis
2598 1704 2768 1790 sive'
2800 1715 3100 1814 limitis,
3170 1744 3405 1819 quem·
3461 1719 3621 1804 for-

457 1856 665 1937 mula
697 1816 998 1977 ,ng—{³²²
1050 1891 1144 1926 =
1177 1883 1250 1930 m
1283 1877 1374 1937 -ι-
1417 1883 1462 1934 1,
1500 1855 1816 1942 indicat,
1889 1860 2180 1958 assequi
2232 1885 2391 1932 non
2442 1856 2663 1932 liceat
2677 1888 2699 1947 3
2766 1883 2965 1958 quae
3014 1857 3374 1962 exemplis
3426 1860 3625 1933 infra

462 1998 950 2104 exponendis·
985 2001 1136 2074 iam
1188 1996 1454 2072 clarius
1507 1994 1942 2074 elucebunt.

763 2134 1136 2212 Ceterum?
1178 2136 1258 2212 in
1309 2131 1602 2209 theoria
1650 2131 1980 2209 limitum
2003 2134 2278 2210 'existit
2329 2159 2543 2210 casus
2593 2132 2741 2210 late
2795 2147 3084 2236 patens,
3140 2162 3300 2238 quo
3334 2133 3623 2237 proli-

463 2272 776 2350 initihus
843 2296 1150 2348 omnem
1189 2269 1400 2354 hano
1447 2266 2044 2370 disquisitionem
2091 2295 2481 2344 removere
2535 2285 2613 2348 et
2662 2273 3156 2348 eoefficientes
3208 2269 3622 2350 functionis

468 2410 1056 2513 approximantis
1085 2381 1430 2484 -fabiliori
1465 2403 1929 2508 ‚algorithmo
1981 2405 2298 2482 definire
2344 2403 2549 2484 licet.

1978 2655 2117 2744 12.

767 2822 988 2918 Quae
1040 2834 1131 2897 ut
1177 2819 1438 2898 locum
1487 2821 1839 2910 habeant,
1895 2823 2340 2923 requiritur,
2398 2822 2504 2895 1⁸¹⁰
2542 2833 2633 2896 ut
2646 2822 2726 2924 f
2742 2834 3109 2924 ,tanquam
3147 2821 3442 2910 functio
3484 2825 3623 2896 im-

461 2957 718 3064 plicita
793 2973 1118 3063 spectata
1185 2963 1267 3032 in
1343 2961 1612 3035 seriem
1689 2959 2112 3035 secundum
2189 2959 2689 3037 dimensiones
2765 2957 3259 3038 variabilium.
3312 2984 3625 3063 progre-

463 3097 796 3173 dientem
847 3099 1184 3171 converti
1237 3100 1476 3199 possit
1523 3122 1610 3169 ea
1660 3094 1826 3197 lege
1846 3150 1868 3183 ‚
1951 3110 2044 3171 ut
2096 3124 2431 3173 summae
2480 3100 2993 3173 terminorum
3038 3097 3320 3171 ordinis
3372 3099 3631 3175 cuius-

462 3236 578 3309 vis
629 3236 900 3309 seriem
951 3248 1533 3333 convergentem
1584 3236 2080 3321 constituant,
2166 3247 2242 3308 et
2261 3291 2282 3323 ‚
2337 3238 2624 3311 etiamsi
2672 3232 2880 3309 nulli·
2924 3236 3235 3309 omnino
3288 3230 3626 3309 rariabili

465 3368 678 3447 valor
727 3368 998 3472 aliquis
1049 3366 1386 3473 specialis
1437 3370 1827 3455 tribuitur,
1886 3368 1980 3445 de
2031 3370 2228 3444 binis
2271 3392 2520 3446 tamen
2557 3372 2955 3473 quibusvis
3000 3371 3371 3445 eiusmodi
3418 3397 3625 3445 sum·-

469 3510 614 3583 mis
665 3533 744 3581 se
791 3503 1364 3607 insequentibus
1417 3502 1824 3607 diiudicare
1873 3502 2121 3591 liceat,
2179 3528 2278 3577 an
2327 3501 2585 3587 altera,
2640 3503 2827 3577 dum
2867 3503 3286 3591 variabiles,
3344 3503 3627 3605 quibus

469 3656 858 3731 constant,
918 3642 1010 3715 ad
1061 3639 1378 3715 limitem
1437 3618 1666 3716 suum
1713 3655 2202 3743 convergunt,
2260 3644 2342 3715 in
2397 3637 2736 3742 qualibet
2778 3642 3078 3714 ratione
3116 3642 3357 3716 maior
3394 3667 3629 3742 quam

469 3777 703 3855 altera
763 3778 926 3853 fieri
975 3780 1236 3881 possit.
1307 3777 1806 3853 Nominemus
1855 3778 2238 3853 brevitatis
2291 3780 2535 3879 gratia.
2578 3776 2943 3853 eiusmodi
2996 3776 3373 3865 membra,
3428 3802 3625 3877 quae

467 3913 888 4019 plurimum
939 3913 1032 3988 ad
1081 3912 1412 4001 valorem
1459 3914 1872 3991 functionis
1923 3913 2332 3990 conferunt
2349 3970 2375 4003 ,
2430 3917 2739 3989 membm
2788 3915 3117 4015 capitalia
3134 3970 3154 4004 ,
3235 3928 3309 3989 et
3350 3916 3621 3989 termi-

469 4078 608 4128 nos
631 4106 651 4141 ‚
708 4054 848 4153 qui
894 4051 1252 4129 membris
1300 4051 1510 4127 bisce
1564 4054 1822 4127 insunt
1839 4108 1861 4141 ,
1945 4056 2272 4125 temdnos
2321 4053 2683 4152 capitales.
2785 4044 3078 4127 Deinde
3116 4051 3259 4124 11⁶⁶
3309 4051 3625 4151 requiri*

468 4202 638 4276 tur,
711 4200 800 4263 ut
847 4186 1224 4262 functioni
1276 4206 1359 4285 φ,
1431 4184 1789 4263 elevando
1843 4214 2010 4263 eam.
2058 4186 2149 4262 ad
2199 4190 3069 4291 potentiam'quandam,
3108 4185 3399 4265 forma·
3438 4214 3625 4265 con-

473 4324 706 4403 ciliari
756 4326 1016 4427 possit,
1089 4350 1284 4424 quae
1333 4326 1416 4397 in
1469 4324 1824 4399 membris
1884 4321 2328 4427 capitalibus
2372 4348 2817 4426 ‚corumque
2880 4327 3229 4401 terminis.
3284 4322 3620 4425 singulis,

475 4461 726 4563 quoad
773 4475 1240 4564 exponentes
1293 4461 1695 4543 earundem
1745 4458 2223 4537 variabiliuxn
2239 4516 2260 4549 ,
2329 4474 2853 4565 quatenusque
2910 4489 3055 4565 pro
3125 4462 3386 4543 ordine
3445 4460 3626 4542 fum-
3676 4432 3688 4440 ’

477 4601 743 4673 ctionis
811 4618 862 4694 φ
925 4598 1090 4672 fieri
1154 4597 1356 4685 licet,
1417 4625 1594 4672 cum
1641 4597 2040 4675 functione
2087 4600 2145 4693 f
2172 4602 2633 4702 conspiret„
3390 4684 3397 4695 ι

777 4734 916 4807 His
1001 4738 1204 4810 enim
1275 4736 1533 4839 positis
1569 4789 1588 4819 ,
1689 4731 1912 4807 facile
1987 4732 2471 4834 intelligitur,
2572 4736 2769 4809 inter
2854 4758 3111 4810 omnes
3195 4732 3625 4806 functiones

476 4868 805 4945 eiusdem
856 4869 1135 4946 ordinis
1187 4900 1236 4943 n
1285 4870 1758 4947 functionem
1811 4890 1863 4969 φ
1918 4870 2012 4946 ad
2061 4868 2265 4945 illam
2305 4874 2370 4973 f
2399 4875 2719 4947 maxime
2783 4870 3172 4959 accedere,
3245 4870 3399 4942 sive
3469 4892 3629 4943 esse
